
<marc:record><marc:leader>00589cam a22001453  4500</marc:leader>
<marc:controlfield tag="001">000002430</marc:controlfield>
<marc:controlfield tag="003">Uk</marc:controlfield><marc:controlfield tag="005">20130709170300.0</marc:controlfield><marc:controlfield tag="008">870813|1878||||enk    ||    |||| |||||  </marc:controlfield><marc:datafield tag="040" ind1=" " ind2=" "><marc:subfield code="a">Uk</marc:subfield><marc:subfield code="c">Uk</marc:subfield></marc:datafield><marc:datafield tag="245" ind1="1" ind2="0"><marc:subfield code="a">“Jingo” and the Bear; or, the great feight between Ben at Isaac's, alias “Owd Dizzy” and Alick o' Nick's, alias “Th' Young Bear.” By Ab-o' th-Yate. Fifth edition.</marc:subfield></marc:datafield><marc:datafield tag="260" ind1=" " ind2=" "><marc:subfield code="a">Manchester ;</marc:subfield><marc:subfield code="a">London :</marc:subfield><marc:subfield code="b">A. Heywood &amp; Son,</marc:subfield><marc:subfield code="c">[1878]</marc:subfield></marc:datafield><marc:datafield tag="300" ind1=" " ind2=" "><marc:subfield code="a">16 p. ;</marc:subfield><marc:subfield code="c">8º.</marc:subfield></marc:datafield><marc:datafield tag="720" ind1=" " ind2=" "><marc:subfield code="a">AB, o' th'-Yate, pseud. [i.e. Benjamin Brierley.]</marc:subfield><marc:subfield code="e">main entry</marc:subfield></marc:datafield><marc:datafield tag="852" ind1="4" ind2="1"><marc:subfield code="a">British Library</marc:subfield><marc:subfield code="b">HMNTS</marc:subfield><marc:subfield code="j">12314.g.8.(13.)</marc:subfield></marc:datafield></marc:record>