
<marc:record><marc:leader>00658cam a22001693  4500</marc:leader>
<marc:controlfield tag="001">000002477</marc:controlfield>
<marc:controlfield tag="003">Uk</marc:controlfield><marc:controlfield tag="005">20120209153600.0</marc:controlfield><marc:controlfield tag="008">870813|1863|||||||    ||     ||| |||||  </marc:controlfield><marc:datafield tag="040" ind1=" " ind2=" "><marc:subfield code="a">Uk</marc:subfield><marc:subfield code="c">Uk</marc:subfield></marc:datafield><marc:datafield tag="100" ind1="1" ind2=" "><marc:subfield code="a">ABAD DE APARICIO, Hilario,</marc:subfield><marc:subfield code="c">and CORONEL Y ORTIZ (Rafael)</marc:subfield></marc:datafield><marc:datafield tag="245" ind1="1" ind2="0"><marc:subfield code="a">Estudios sobre Derecho Político. Constituciones vigentes de los principales estados de Europa y América, precedidas de una reseña histórica de los mismos.</marc:subfield></marc:datafield><marc:datafield tag="260" ind1=" " ind2=" "><marc:subfield code="a">Madrid,</marc:subfield><marc:subfield code="c">1863-66.</marc:subfield></marc:datafield><marc:datafield tag="300" ind1=" " ind2=" "><marc:subfield code="a">3 tom. ;</marc:subfield><marc:subfield code="c">8º.</marc:subfield></marc:datafield><marc:datafield tag="700" ind1="1" ind2=" "><marc:subfield code="a">CORONEL Y ORTIZ, Rafael.</marc:subfield></marc:datafield><marc:datafield tag="852" ind1="4" ind2="1"><marc:subfield code="a">British Library</marc:subfield><marc:subfield code="b">HMNTS</marc:subfield><marc:subfield code="j">8006.dd.8.</marc:subfield></marc:datafield><marc:datafield tag="886" ind1="2" ind2=" "><marc:subfield code="2">blmarc</marc:subfield><marc:subfield code="a">709</marc:subfield><marc:subfield code="b">00</marc:subfield><marc:subfield code="a">CORONEL Y ORTIZ</marc:subfield><marc:subfield code="h">Rafael</marc:subfield><marc:subfield code="p">8006.dd.8.</marc:subfield><marc:subfield code="x">0701830220</marc:subfield></marc:datafield></marc:record>