
<marc:record><marc:leader>01057cam a22002053  4500</marc:leader>
<marc:controlfield tag="001">000002547</marc:controlfield>
<marc:controlfield tag="003">Uk</marc:controlfield><marc:controlfield tag="005">20120420175200.0</marc:controlfield><marc:controlfield tag="008">870813|1812|||||||    ||     ||| |||||  </marc:controlfield><marc:datafield tag="040" ind1=" " ind2=" "><marc:subfield code="a">Uk</marc:subfield><marc:subfield code="c">Uk</marc:subfield></marc:datafield><marc:datafield tag="100" ind1="1" ind2=" "><marc:subfield code="a">Abad y Aramburú, Julián.</marc:subfield></marc:datafield><marc:datafield tag="245" ind1="1" ind2="0"><marc:subfield code="a">Oracion funebre, que en el sufragio solene ... por la alma de ... Don J. Escandon y Helguera, Cónde de la Sierra Gorda ... reimpreso ahora por su hijo el actual Cónde de Sierra Gorda. D. M. Timotéo Escandon, añadido con ... notas por ... D. A. J. Delgado Valle, dixo ... Don J. Abad y Aramburu.</marc:subfield></marc:datafield><marc:datafield tag="260" ind1=" " ind2=" "><marc:subfield code="a">México,</marc:subfield><marc:subfield code="c">1812.</marc:subfield></marc:datafield><marc:datafield tag="300" ind1=" " ind2=" "><marc:subfield code="a">21 p. ;</marc:subfield><marc:subfield code="c">4º.</marc:subfield></marc:datafield><marc:datafield tag="700" ind1="1" ind2=" "><marc:subfield code="a">DELGADO VALLE, Antonio José.</marc:subfield></marc:datafield><marc:datafield tag="700" ind1="1" ind2=" "><marc:subfield code="a">ESCANDON Y LLERA, Mariano Timotéo,</marc:subfield><marc:subfield code="c">Count de la Sierra Gorda.</marc:subfield></marc:datafield><marc:datafield tag="852" ind1="4" ind2="1"><marc:subfield code="a">British Library</marc:subfield><marc:subfield code="b">HMNTS</marc:subfield><marc:subfield code="j">4985.de.6.(9.)</marc:subfield></marc:datafield><marc:datafield tag="852" ind1="4" ind2="1"><marc:subfield code="a">British Library</marc:subfield><marc:subfield code="b">HMNTS</marc:subfield><marc:subfield code="j">4986.bbb.2.</marc:subfield><marc:subfield code="3">[Another copy.]</marc:subfield></marc:datafield><marc:datafield tag="886" ind1="2" ind2=" "><marc:subfield code="2">blmarc</marc:subfield><marc:subfield code="a">709</marc:subfield><marc:subfield code="b">00</marc:subfield><marc:subfield code="a">DELGADO VALLE</marc:subfield><marc:subfield code="h">Antonio José</marc:subfield><marc:subfield code="p">4985.de.6.(9.)</marc:subfield><marc:subfield code="x">0795000278</marc:subfield></marc:datafield><marc:datafield tag="886" ind1="2" ind2=" "><marc:subfield code="2">blmarc</marc:subfield><marc:subfield code="a">709</marc:subfield><marc:subfield code="b">00</marc:subfield><marc:subfield code="a">ESCANDON Y LLERA</marc:subfield><marc:subfield code="h">Mariano Timotéo</marc:subfield><marc:subfield code="f">Count de la Sierra Gorda</marc:subfield><marc:subfield code="p">4986.bbb.2.</marc:subfield><marc:subfield code="x">1023370085</marc:subfield></marc:datafield></marc:record>