
<marc:record><marc:leader>00519cam a22001333  4500</marc:leader>
<marc:controlfield tag="001">000002556</marc:controlfield>
<marc:controlfield tag="003">Uk</marc:controlfield><marc:controlfield tag="005">20110119132000.0</marc:controlfield><marc:controlfield tag="008">870813|1837|||||||    ||     ||| |||||  </marc:controlfield><marc:datafield tag="040" ind1=" " ind2=" "><marc:subfield code="a">Uk</marc:subfield><marc:subfield code="c">Uk</marc:subfield></marc:datafield><marc:datafield tag="100" ind1="1" ind2=" "><marc:subfield code="a">ABAD Y QUEIPO, Manuel,</marc:subfield><marc:subfield code="c">Bishop of Michoacan.</marc:subfield></marc:datafield><marc:datafield tag="245" ind1="1" ind2="0"><marc:subfield code="a">Escritos ... que contienen los conocimientos preliminares para la intelijencia de las cuestiones relatives al credito publico de la Republica Mejicana.</marc:subfield></marc:datafield><marc:datafield tag="580" ind1=" " ind2=" "><marc:subfield code="a">In : Mora (J. M. L.) Obras sueltas. tom. 1. 1837. 8º.</marc:subfield></marc:datafield><marc:datafield tag="852" ind1="4" ind2="1"><marc:subfield code="a">British Library</marc:subfield><marc:subfield code="b">HMNTS</marc:subfield><marc:subfield code="j">1207.b.23.</marc:subfield></marc:datafield></marc:record>