
<marc:record><marc:leader>00864cam a22001933  4500</marc:leader>
<marc:controlfield tag="001">000002572</marc:controlfield>
<marc:controlfield tag="003">Uk</marc:controlfield><marc:controlfield tag="005">20130504005300.0</marc:controlfield><marc:controlfield tag="008">870813|1836|||||||    ||     ||| |||||  </marc:controlfield><marc:datafield tag="040" ind1=" " ind2=" "><marc:subfield code="a">Uk</marc:subfield><marc:subfield code="c">Uk</marc:subfield></marc:datafield><marc:datafield tag="100" ind1="1" ind2=" "><marc:subfield code="a">ABAELARDUS, Petrus.</marc:subfield></marc:datafield><marc:datafield tag="240" ind1="1" ind2="0"><marc:subfield code="a">Collections</marc:subfield></marc:datafield><marc:datafield tag="245" ind1="1" ind2="0"><marc:subfield code="a">Ouvrages inédits d'Abélard, pour servir à l'histoire de la philosophie scolastique en France. Publiés par V. Cousin. Lat.</marc:subfield></marc:datafield><marc:datafield tag="260" ind1=" " ind2=" "><marc:subfield code="a">Paris,</marc:subfield><marc:subfield code="c">1836.</marc:subfield></marc:datafield><marc:datafield tag="300" ind1=" " ind2=" "><marc:subfield code="a">cciii, 677 p. ;</marc:subfield><marc:subfield code="c">4º.</marc:subfield></marc:datafield><marc:datafield tag="700" ind1="1" ind2=" "><marc:subfield code="a">COUSIN, Victor</marc:subfield><marc:subfield code="c">(Philosopher)</marc:subfield><marc:subfield code="t">Works edited, translated, or with prefaces by Cousin.</marc:subfield></marc:datafield><marc:datafield tag="852" ind1="4" ind2="1"><marc:subfield code="a">British Library</marc:subfield><marc:subfield code="b">HMNTS</marc:subfield><marc:subfield code="j">526.l.25.</marc:subfield></marc:datafield><marc:datafield tag="852" ind1="4" ind2="1"><marc:subfield code="a">British Library</marc:subfield><marc:subfield code="b">HMNTS</marc:subfield><marc:subfield code="j">1885.e.1.</marc:subfield><marc:subfield code="3">[Another copy.] [Collection de documents inédits sur l'histoire de France.]</marc:subfield></marc:datafield><marc:datafield tag="886" ind1="2" ind2=" "><marc:subfield code="2">blmarc</marc:subfield><marc:subfield code="a">709</marc:subfield><marc:subfield code="b">00</marc:subfield><marc:subfield code="a">COUSIN</marc:subfield><marc:subfield code="h">Victor</marc:subfield><marc:subfield code="f">Philosopher</marc:subfield><marc:subfield code="t">Works edited, translated, or with prefaces by Cousin</marc:subfield><marc:subfield code="p">526.l.25.</marc:subfield><marc:subfield code="x">0712510230</marc:subfield></marc:datafield></marc:record>