
<marc:record><marc:leader>01103cam a22002413  4500</marc:leader>
<marc:controlfield tag="001">000002573</marc:controlfield>
<marc:controlfield tag="003">Uk</marc:controlfield><marc:controlfield tag="005">20130615210700.0</marc:controlfield><marc:controlfield tag="008">950228|1849|||||||    ||     ||| |||||  </marc:controlfield><marc:datafield tag="040" ind1=" " ind2=" "><marc:subfield code="a">Uk</marc:subfield><marc:subfield code="c">Uk</marc:subfield></marc:datafield><marc:datafield tag="100" ind1="1" ind2=" "><marc:subfield code="a">ABAELARDUS, Petrus.</marc:subfield></marc:datafield><marc:datafield tag="240" ind1="1" ind2="0"><marc:subfield code="a">Collections</marc:subfield></marc:datafield><marc:datafield tag="245" ind1="1" ind2="0"><marc:subfield code="a">Petri Abaelardi Opera hactenus seorsim edita, nunc primum in unum collegit, textum ... recensuit ... indices adjecit V. Cousin, adjuvantibus C. Jourdain et E. Despois.</marc:subfield></marc:datafield><marc:datafield tag="260" ind1=" " ind2=" "><marc:subfield code="a">Parisiis,</marc:subfield><marc:subfield code="c">1849, 1859.</marc:subfield></marc:datafield><marc:datafield tag="300" ind1=" " ind2=" "><marc:subfield code="a">2 tom. ;</marc:subfield><marc:subfield code="c">4º.</marc:subfield></marc:datafield><marc:datafield tag="700" ind1="1" ind2=" "><marc:subfield code="a">BRÉCHILLET JOURDAIN, Charles Marie Gabriel.</marc:subfield></marc:datafield><marc:datafield tag="700" ind1="1" ind2=" "><marc:subfield code="a">COUSIN, Victor</marc:subfield><marc:subfield code="c">(Philosopher)</marc:subfield><marc:subfield code="t">Works edited, translated, or with prefaces by Cousin.</marc:subfield></marc:datafield><marc:datafield tag="700" ind1="1" ind2=" "><marc:subfield code="a">DESPOIS, Eugène.</marc:subfield></marc:datafield><marc:datafield tag="852" ind1="4" ind2="1"><marc:subfield code="a">British Library</marc:subfield><marc:subfield code="b">HMNTS</marc:subfield><marc:subfield code="j">629.l.10.</marc:subfield></marc:datafield><marc:datafield tag="852" ind1="4" ind2="1"><marc:subfield code="a">British Library</marc:subfield><marc:subfield code="b">HMNTS</marc:subfield><marc:subfield code="j">629.l.11.</marc:subfield></marc:datafield><marc:datafield tag="886" ind1="2" ind2=" "><marc:subfield code="2">blmarc</marc:subfield><marc:subfield code="a">709</marc:subfield><marc:subfield code="b">00</marc:subfield><marc:subfield code="a">BRÉCHILLET JOURDAIN</marc:subfield><marc:subfield code="h">Charles Marie Gabriel</marc:subfield><marc:subfield code="p">629.l.10,11.</marc:subfield><marc:subfield code="x">0413990176</marc:subfield></marc:datafield><marc:datafield tag="886" ind1="2" ind2=" "><marc:subfield code="2">blmarc</marc:subfield><marc:subfield code="a">709</marc:subfield><marc:subfield code="b">00</marc:subfield><marc:subfield code="a">COUSIN</marc:subfield><marc:subfield code="h">Victor</marc:subfield><marc:subfield code="f">Philosopher</marc:subfield><marc:subfield code="t">Works edited, translated, or with prefaces by Cousin</marc:subfield><marc:subfield code="p">629.l.10,11.</marc:subfield><marc:subfield code="x">0712510249</marc:subfield></marc:datafield><marc:datafield tag="886" ind1="2" ind2=" "><marc:subfield code="2">blmarc</marc:subfield><marc:subfield code="a">709</marc:subfield><marc:subfield code="b">00</marc:subfield><marc:subfield code="a">DESPOIS</marc:subfield><marc:subfield code="h">Eugène</marc:subfield><marc:subfield code="p">629.l.10.</marc:subfield><marc:subfield code="x">0813690242</marc:subfield></marc:datafield></marc:record>