
<marc:record><marc:leader>01068cam a22001813  4500</marc:leader>
<marc:controlfield tag="001">000002608</marc:controlfield>
<marc:controlfield tag="003">Uk</marc:controlfield><marc:controlfield tag="005">20111222151700.0</marc:controlfield><marc:controlfield tag="008">870813|1805|||||||    ||     ||| |||||  </marc:controlfield><marc:datafield tag="040" ind1=" " ind2=" "><marc:subfield code="a">Uk</marc:subfield><marc:subfield code="c">Uk</marc:subfield></marc:datafield><marc:datafield tag="100" ind1="1" ind2=" "><marc:subfield code="a">ABAELARDUS, Petrus.</marc:subfield></marc:datafield><marc:datafield tag="240" ind1="1" ind2="0"><marc:subfield code="a">Letters</marc:subfield></marc:datafield><marc:datafield tag="245" ind1="1" ind2="0"><marc:subfield code="a">[Letters of Abelard and Eloisa. With a particular account of their lives, amours, and misfortunes. By John Hughes, Esq. To which are added, several poems, by Mr. Pope, and other authors.]</marc:subfield></marc:datafield><marc:datafield tag="250" ind1=" " ind2=" "><marc:subfield code="a">[Another edition.] Memoirs of the lives, amours, and misfortunes of Abelard and Eloisa; with poems on their fate by Pope and Mrs. Madan: also anecdotes and memoirs of those unfortunate characters by Mr. Seward.</marc:subfield></marc:datafield><marc:datafield tag="260" ind1=" " ind2=" "><marc:subfield code="a">Newcastle on Tyne :</marc:subfield><marc:subfield code="b">J. Mitchell,</marc:subfield><marc:subfield code="c">1805.</marc:subfield></marc:datafield><marc:datafield tag="300" ind1=" " ind2=" "><marc:subfield code="a">44 p. ;</marc:subfield><marc:subfield code="c">12º.</marc:subfield></marc:datafield><marc:datafield tag="787" ind1="0" ind2=" "><marc:subfield code="t">Letters of Abelard and Eloisa. With a particular account of their lives, amours, and misfortunes. By John Hughes, Esq. To which are added, several poems, by Mr. Pope, and other authors.</marc:subfield><marc:subfield code="d">Vienna: R. Sammer, 1794. pp. 285: plate. 12º.</marc:subfield><marc:subfield code="w">(Uk)MP1.0000002903</marc:subfield></marc:datafield><marc:datafield tag="852" ind1="4" ind2="1"><marc:subfield code="a">British Library</marc:subfield><marc:subfield code="b">HMNTS</marc:subfield><marc:subfield code="j">11631.c.2.</marc:subfield></marc:datafield></marc:record>