
<marc:record><marc:leader>01052cam a22002053  4500</marc:leader>
<marc:controlfield tag="001">000002610</marc:controlfield>
<marc:controlfield tag="003">Uk</marc:controlfield><marc:controlfield tag="005">20120203162600.0</marc:controlfield><marc:controlfield tag="008">870813|1806|||||||    ||     ||| |||||  </marc:controlfield><marc:datafield tag="040" ind1=" " ind2=" "><marc:subfield code="a">Uk</marc:subfield><marc:subfield code="c">Uk</marc:subfield></marc:datafield><marc:datafield tag="100" ind1="1" ind2=" "><marc:subfield code="a">ABAELARDUS, Petrus.</marc:subfield></marc:datafield><marc:datafield tag="240" ind1="1" ind2="0"><marc:subfield code="a">Letters</marc:subfield></marc:datafield><marc:datafield tag="245" ind1="1" ind2="0"><marc:subfield code="a">[Letters of Abelard and Eloisa. With a particular account of their lives, amours, and misfortunes. By John Hughes, Esq. To which are added, several poems, by Mr. Pope, and other authors.]</marc:subfield></marc:datafield><marc:datafield tag="250" ind1=" " ind2=" "><marc:subfield code="a">[Another edition.] Letters of Abelard and Heloise, etc.</marc:subfield></marc:datafield><marc:datafield tag="260" ind1=" " ind2=" "><marc:subfield code="a">Edinburgh :</marc:subfield><marc:subfield code="b">Ogle &amp; Aikman,</marc:subfield><marc:subfield code="c">1806.</marc:subfield></marc:datafield><marc:datafield tag="300" ind1=" " ind2=" "><marc:subfield code="a">iii, 160 p. ;</marc:subfield><marc:subfield code="c">12º.</marc:subfield></marc:datafield><marc:datafield tag="700" ind1="1" ind2=" "><marc:subfield code="a">HUGHES, John,</marc:subfield><marc:subfield code="c">Poet.</marc:subfield></marc:datafield><marc:datafield tag="787" ind1="0" ind2=" "><marc:subfield code="t">Letters of Abelard and Eloisa. With a particular account of their lives, amours, and misfortunes. By John Hughes, Esq. To which are added, several poems, by Mr. Pope, and other authors.</marc:subfield><marc:subfield code="d">Vienna: R. Sammer, 1794. pp. 285: plate. 12º.</marc:subfield><marc:subfield code="w">(Uk)MP1.0000002903</marc:subfield></marc:datafield><marc:datafield tag="852" ind1="4" ind2="1"><marc:subfield code="a">British Library</marc:subfield><marc:subfield code="b">HMNTS</marc:subfield><marc:subfield code="j">12611.df.9.</marc:subfield></marc:datafield><marc:datafield tag="886" ind1="2" ind2=" "><marc:subfield code="2">blmarc</marc:subfield><marc:subfield code="a">709</marc:subfield><marc:subfield code="b">00</marc:subfield><marc:subfield code="a">HUGHES</marc:subfield><marc:subfield code="h">John</marc:subfield><marc:subfield code="f">Poet</marc:subfield><marc:subfield code="p">12611.df.9.</marc:subfield><marc:subfield code="x">1550030280</marc:subfield><marc:subfield code="p">1607/4608.</marc:subfield><marc:subfield code="x">1550030264</marc:subfield></marc:datafield></marc:record>