
<marc:record><marc:leader>00950cam a22001933  4500</marc:leader>
<marc:controlfield tag="001">000002614</marc:controlfield>
<marc:controlfield tag="003">Uk</marc:controlfield><marc:controlfield tag="005">20110119132000.0</marc:controlfield><marc:controlfield tag="008">870813|1816|||||||    ||     ||| |||||  </marc:controlfield><marc:datafield tag="040" ind1=" " ind2=" "><marc:subfield code="a">Uk</marc:subfield><marc:subfield code="c">Uk</marc:subfield></marc:datafield><marc:datafield tag="100" ind1="1" ind2=" "><marc:subfield code="a">ABAELARDUS, Petrus.</marc:subfield></marc:datafield><marc:datafield tag="240" ind1="1" ind2="0"><marc:subfield code="a">Letters</marc:subfield></marc:datafield><marc:datafield tag="245" ind1="1" ind2="0"><marc:subfield code="a">Letters of Abelard and Heloise. [Translated by John Hughes.] With a particular account of their lives and misfortunes: to which are added poems by Pope, Madan, Cawthorne, etc.</marc:subfield></marc:datafield><marc:datafield tag="260" ind1=" " ind2=" "><marc:subfield code="a">London: Longman, Hurst, Rees, Orme &amp; Browne, 1816.</marc:subfield></marc:datafield><marc:datafield tag="300" ind1=" " ind2=" "><marc:subfield code="a">pp. 191: plates. 8º.</marc:subfield></marc:datafield><marc:datafield tag="700" ind1="1" ind2=" "><marc:subfield code="a">HUGHES, John,</marc:subfield><marc:subfield code="c">Poet.</marc:subfield></marc:datafield><marc:datafield tag="775" ind1="0" ind2=" "><marc:subfield code="t">[Letters of Abelard and Heloise. [Translated by John Hughes.] With a particular account of their lives and misfortunes: to which are added poems by Pope, Madan, Cawthorne, etc.]</marc:subfield><marc:subfield code="d">pp. 246. Dean &amp; Munday: London, 1818. 12º.</marc:subfield><marc:subfield code="w">(Uk)MP1.0000002906.1</marc:subfield></marc:datafield><marc:datafield tag="852" ind1="4" ind2="1"><marc:subfield code="a">British Library</marc:subfield><marc:subfield code="b">HMNTS</marc:subfield><marc:subfield code="j">1608/3984.</marc:subfield></marc:datafield><marc:datafield tag="886" ind1="2" ind2=" "><marc:subfield code="2">blmarc</marc:subfield><marc:subfield code="a">709</marc:subfield><marc:subfield code="b">00</marc:subfield><marc:subfield code="a">HUGHES</marc:subfield><marc:subfield code="h">John</marc:subfield><marc:subfield code="f">Poet</marc:subfield><marc:subfield code="p">1608/3984.</marc:subfield><marc:subfield code="x">1550030299</marc:subfield></marc:datafield></marc:record>