
<marc:record><marc:leader>00885cam a22002173  4500</marc:leader>
<marc:controlfield tag="001">000002616</marc:controlfield>
<marc:controlfield tag="003">Uk</marc:controlfield><marc:controlfield tag="005">20050726133014.0</marc:controlfield><marc:controlfield tag="008">851101s1824    enka          000 0ceng  </marc:controlfield><marc:datafield tag="040" ind1=" " ind2=" "><marc:subfield code="a">Uk</marc:subfield><marc:subfield code="c">Uk</marc:subfield></marc:datafield><marc:datafield tag="100" ind1="1" ind2=" "><marc:subfield code="a">Abelard, Peter,</marc:subfield><marc:subfield code="d">1079-1142.</marc:subfield></marc:datafield><marc:datafield tag="240" ind1="1" ind2="0"><marc:subfield code="a">Letters</marc:subfield></marc:datafield><marc:datafield tag="245" ind1="1" ind2="0"><marc:subfield code="a">Letters of Abelard and Heloise :</marc:subfield><marc:subfield code="b">with a particular account of their lives, amours, and misfortunes : to which are added, poems by Pope, Madan, Cawthorne, etc.</marc:subfield></marc:datafield><marc:datafield tag="260" ind1=" " ind2=" "><marc:subfield code="a">Chiswick :</marc:subfield><marc:subfield code="b">Printed by C. Whittingham ;</marc:subfield><marc:subfield code="a">London :</marc:subfield><marc:subfield code="b">sold by Thomas Tegg; R. Jennings ;</marc:subfield><marc:subfield code="a">Glasgow :</marc:subfield><marc:subfield code="b">Richard Griffin &amp; Co.,</marc:subfield><marc:subfield code="c">1824.</marc:subfield></marc:datafield><marc:datafield tag="300" ind1=" " ind2=" "><marc:subfield code="a">vi, 152 p. ;</marc:subfield><marc:subfield code="c">15 cm.</marc:subfield></marc:datafield><marc:datafield tag="490" ind1="0" ind2=" "><marc:subfield code="a">Whittingham's cabinet library ;</marc:subfield><marc:subfield code="v">pt. 47</marc:subfield></marc:datafield><marc:datafield tag="500" ind1=" " ind2=" "><marc:subfield code="a">With an additional engraved titlepage.</marc:subfield></marc:datafield><marc:datafield tag="600" ind1="1" ind2="0"><marc:subfield code="a">Abelard, Peter,</marc:subfield><marc:subfield code="d">1079-1142.</marc:subfield></marc:datafield><marc:datafield tag="600" ind1="0" ind2="0"><marc:subfield code="a">Héloïse,</marc:subfield><marc:subfield code="d">1101-1164.</marc:subfield></marc:datafield><marc:datafield tag="700" ind1="1" ind2=" "><marc:subfield code="a">Pope, Alexander,</marc:subfield><marc:subfield code="d">1688-1744.</marc:subfield></marc:datafield><marc:datafield tag="852" ind1="4" ind2="1"><marc:subfield code="a">British Library</marc:subfield><marc:subfield code="b">HMNTS</marc:subfield><marc:subfield code="j">1606/1651.</marc:subfield></marc:datafield></marc:record>