
<marc:record><marc:leader>01965cam a22002413  4500</marc:leader>
<marc:controlfield tag="001">000002635</marc:controlfield>
<marc:controlfield tag="003">Uk</marc:controlfield><marc:controlfield tag="005">20111222151700.0</marc:controlfield><marc:controlfield tag="008">940706|1822|||||||    ||     ||| |||||  </marc:controlfield><marc:datafield tag="040" ind1=" " ind2=" "><marc:subfield code="a">Uk</marc:subfield><marc:subfield code="c">Uk</marc:subfield></marc:datafield><marc:datafield tag="100" ind1="1" ind2=" "><marc:subfield code="a">ABAELARDUS, Petrus.</marc:subfield></marc:datafield><marc:datafield tag="240" ind1="1" ind2="0"><marc:subfield code="a">Letters</marc:subfield></marc:datafield><marc:datafield tag="245" ind1="1" ind2="0"><marc:subfield code="a">[Lettres et Épîtres amoureuses d'Heloise et d'Abeilard. (Traduites ... d'après les lettres originales Latines. Par M. le Comte de Bussy Rabutin.-Lettres d'Héloïse et d'Abeilard mises en vers par M. de Beauchamps, d'après l'excellente traduction ... de M. le Comte de Bussi Rabutin. Epitres amoureuses d'Heloise ... imitées &amp; mises en vers par M. M. Colardeau, Dorat, Feutry, etc.-La vie ... d'Abeilard et d'Heloise.) Nouvelle édition.]</marc:subfield></marc:datafield><marc:datafield tag="250" ind1=" " ind2=" "><marc:subfield code="a">Nouvelle édition.</marc:subfield></marc:datafield><marc:datafield tag="260" ind1=" " ind2=" "><marc:subfield code="a">Paris,</marc:subfield><marc:subfield code="c">1822.</marc:subfield></marc:datafield><marc:datafield tag="300" ind1=" " ind2=" "><marc:subfield code="a">2 tom. ;</marc:subfield><marc:subfield code="c">12º.</marc:subfield></marc:datafield><marc:datafield tag="700" ind1="1" ind2=" "><marc:subfield code="a">GODART DE BEAUCHAMPS, Pierre François.</marc:subfield></marc:datafield><marc:datafield tag="700" ind1="1" ind2=" "><marc:subfield code="a">RABUTIN, Roger de,</marc:subfield><marc:subfield code="c">Count de Bussy.</marc:subfield></marc:datafield><marc:datafield tag="787" ind1="0" ind2=" "><marc:subfield code="t">Lettres et Épîtres amoureuses d'Heloise et d'Abeilard. (Traduites ... d'après les lettres originales Latines. Par M. le Comte de Bussy Rabutin.-Lettres d'Héloïse et d'Abeilard mises en vers par M. de Beauchamps, d'après l'excellente traduction ... de M. le Comte de Bussi Rabutin. Epitres amoureuses d'Heloise ... imitées &amp; mises en vers par M. M. Colardeau, Dorat, Feutry, etc.-La vie ... d'Abeilard et d'Heloise.) Nouvelle édition.</marc:subfield><marc:subfield code="d">2 tom. Genève, 1777. 12º.</marc:subfield><marc:subfield code="w">(Uk)MP1.0000002919</marc:subfield></marc:datafield><marc:datafield tag="852" ind1="4" ind2="1"><marc:subfield code="a">British Library</marc:subfield><marc:subfield code="b">HMNTS</marc:subfield><marc:subfield code="j">1455.a.11.</marc:subfield></marc:datafield><marc:datafield tag="852" ind1="4" ind2="1"><marc:subfield code="a">British Library</marc:subfield><marc:subfield code="b">HMNTS</marc:subfield><marc:subfield code="j">C.155.f.8.</marc:subfield><marc:subfield code="3">[Another copy.] Lettres d'Abailard et d'Héloïse, etc. Paris, 1839. 8º.***In a contemporary purple morocco binding, blocked in gold, signed by Boutigny.</marc:subfield></marc:datafield><marc:datafield tag="886" ind1="2" ind2=" "><marc:subfield code="2">blmarc</marc:subfield><marc:subfield code="a">709</marc:subfield><marc:subfield code="b">00</marc:subfield><marc:subfield code="a">GODART DE BEAUCHAMPS</marc:subfield><marc:subfield code="h">Pierre François</marc:subfield><marc:subfield code="p">1085.b.24.</marc:subfield><marc:subfield code="x">1264070349</marc:subfield><marc:subfield code="p">1085.b.3,4.</marc:subfield><marc:subfield code="x">1264070349</marc:subfield><marc:subfield code="p">1455.a.11.</marc:subfield><marc:subfield code="x">1264070349</marc:subfield></marc:datafield><marc:datafield tag="886" ind1="2" ind2=" "><marc:subfield code="2">blmarc</marc:subfield><marc:subfield code="a">709</marc:subfield><marc:subfield code="b">00</marc:subfield><marc:subfield code="a">RABUTIN</marc:subfield><marc:subfield code="h">Roger de</marc:subfield><marc:subfield code="f">Count de Bussy</marc:subfield><marc:subfield code="p">1085.b.24.</marc:subfield><marc:subfield code="x">2690750198</marc:subfield><marc:subfield code="p">1085.b.3,4.</marc:subfield><marc:subfield code="x">2690750198</marc:subfield><marc:subfield code="p">1455.a.11.</marc:subfield><marc:subfield code="x">2690750198</marc:subfield></marc:datafield></marc:record>