
<marc:record><marc:leader>01818cam a22002773  4500</marc:leader>
<marc:controlfield tag="001">000002637</marc:controlfield>
<marc:controlfield tag="003">Uk</marc:controlfield><marc:controlfield tag="005">20111222151700.0</marc:controlfield><marc:controlfield tag="008">870813|1839|||||||    ||     ||| |||||  </marc:controlfield><marc:datafield tag="040" ind1=" " ind2=" "><marc:subfield code="a">Uk</marc:subfield><marc:subfield code="c">Uk</marc:subfield></marc:datafield><marc:datafield tag="100" ind1="1" ind2=" "><marc:subfield code="a">ABAELARDUS, Petrus.</marc:subfield></marc:datafield><marc:datafield tag="240" ind1="1" ind2="0"><marc:subfield code="a">Letters</marc:subfield></marc:datafield><marc:datafield tag="245" ind1="1" ind2="0"><marc:subfield code="a">Lettres d'Abailard et d'Heloïse traduites sur les manuscrits de la Bibliothèque Royale par E. Oddoul, précédées d'un Essai historique par M. et Mde Guizot. Édition illustrée par J. Grigoux.</marc:subfield></marc:datafield><marc:datafield tag="260" ind1=" " ind2=" "><marc:subfield code="a">Paris,</marc:subfield><marc:subfield code="c">1839.</marc:subfield></marc:datafield><marc:datafield tag="300" ind1=" " ind2=" "><marc:subfield code="a">2 tom. ;</marc:subfield><marc:subfield code="c">8º.</marc:subfield></marc:datafield><marc:datafield tag="700" ind1="1" ind2=" "><marc:subfield code="a">Gigoux, Jean,</marc:subfield><marc:subfield code="d">1806-1894.</marc:subfield></marc:datafield><marc:datafield tag="700" ind1="1" ind2=" "><marc:subfield code="a">GUIZOT, François Pierre Guillaume.</marc:subfield></marc:datafield><marc:datafield tag="700" ind1="1" ind2=" "><marc:subfield code="a">MEULAN, afterwards GUIZOT, Élisabeth Charlotte Pauline de.</marc:subfield></marc:datafield><marc:datafield tag="700" ind1="1" ind2=" "><marc:subfield code="a">ODDOUL, Édouard.</marc:subfield></marc:datafield><marc:datafield tag="775" ind1="0" ind2=" "><marc:subfield code="t">[Lettres d'Abailard et d'Heloïse traduites sur les manuscrits de la Bibliothèque Royale par E. Oddoul, précédées d'un Essai historique par M. et Mde Guizot. Édition illustrée par J. Grigoux.]</marc:subfield><marc:subfield code="n">In Guizot (F. P. G.) Abailard et Héloïse, essai historique ... suivi des lettres d'Abailard et d'Héloïse traduites ... par M. Oddoul. 1853. 8º.</marc:subfield><marc:subfield code="w">(Uk)MP1.0000002921.1</marc:subfield></marc:datafield><marc:datafield tag="775" ind1="0" ind2=" "><marc:subfield code="t">[Lettres d'Abailard et d'Heloïse traduites sur les manuscrits de la Bibliothèque Royale par E. Oddoul, précédées d'un Essai historique par M. et Mde Guizot. Édition illustrée par J. Grigoux.]</marc:subfield><marc:subfield code="n">In Guizot (F. P. G.) Abailard et Héloïse, etc. 1858. 12º.</marc:subfield><marc:subfield code="w">(Uk)MP1.0000002921.2</marc:subfield></marc:datafield><marc:datafield tag="852" ind1="4" ind2="1"><marc:subfield code="a">British Library</marc:subfield><marc:subfield code="b">HMNTS</marc:subfield><marc:subfield code="j">831.i.6.</marc:subfield></marc:datafield><marc:datafield tag="886" ind1="2" ind2=" "><marc:subfield code="2">blmarc</marc:subfield><marc:subfield code="a">709</marc:subfield><marc:subfield code="b">00</marc:subfield><marc:subfield code="a">GIGOUX</marc:subfield><marc:subfield code="h">Jean</marc:subfield><marc:subfield code="p">831.i.6.</marc:subfield><marc:subfield code="x">1243940239</marc:subfield></marc:datafield><marc:datafield tag="886" ind1="2" ind2=" "><marc:subfield code="2">blmarc</marc:subfield><marc:subfield code="a">709</marc:subfield><marc:subfield code="b">00</marc:subfield><marc:subfield code="a">GUIZOT</marc:subfield><marc:subfield code="h">François Pierre Guillaume</marc:subfield><marc:subfield code="p">831.i.6.</marc:subfield><marc:subfield code="x">1351970275</marc:subfield></marc:datafield><marc:datafield tag="886" ind1="2" ind2=" "><marc:subfield code="2">blmarc</marc:subfield><marc:subfield code="a">709</marc:subfield><marc:subfield code="b">00</marc:subfield><marc:subfield code="a">MEULAN, afterwards GUIZOT</marc:subfield><marc:subfield code="h">Élisabeth Charlotte Pauline de</marc:subfield><marc:subfield code="p">831.i.6.</marc:subfield><marc:subfield code="x">2193920222</marc:subfield></marc:datafield><marc:datafield tag="886" ind1="2" ind2=" "><marc:subfield code="2">blmarc</marc:subfield><marc:subfield code="a">709</marc:subfield><marc:subfield code="b">00</marc:subfield><marc:subfield code="a">ODDOUL</marc:subfield><marc:subfield code="h">Édouard</marc:subfield><marc:subfield code="p">831.i.6.</marc:subfield><marc:subfield code="x">2402210303</marc:subfield></marc:datafield></marc:record>