
<marc:record><marc:leader>00883cam a22001693  4500</marc:leader>
<marc:controlfield tag="001">000002639</marc:controlfield>
<marc:controlfield tag="003">Uk</marc:controlfield><marc:controlfield tag="005">20110119132000.0</marc:controlfield><marc:controlfield tag="008">870813|1858|||||||    ||     ||| |||||  </marc:controlfield><marc:datafield tag="040" ind1=" " ind2=" "><marc:subfield code="a">Uk</marc:subfield><marc:subfield code="c">Uk</marc:subfield></marc:datafield><marc:datafield tag="100" ind1="1" ind2=" "><marc:subfield code="a">ABAELARDUS, Petrus.</marc:subfield></marc:datafield><marc:datafield tag="240" ind1="1" ind2="0"><marc:subfield code="a">Letters</marc:subfield></marc:datafield><marc:datafield tag="245" ind1="1" ind2="0"><marc:subfield code="a">[Lettres d'Abailard et d'Heloïse traduites sur les manuscrits de la Bibliothèque Royale par E. Oddoul, précédées d'un Essai historique par M. et Mde Guizot. Édition illustrée par J. Grigoux.]</marc:subfield></marc:datafield><marc:datafield tag="250" ind1=" " ind2=" "><marc:subfield code="a">[Another edition.]</marc:subfield></marc:datafield><marc:datafield tag="580" ind1=" " ind2=" "><marc:subfield code="a">In : Guizot (F. P. G.) Abailard et Héloïse, etc. 1858. 12º.</marc:subfield></marc:datafield><marc:datafield tag="787" ind1="0" ind2=" "><marc:subfield code="t">Lettres d'Abailard et d'Heloïse traduites sur les manuscrits de la Bibliothèque Royale par E. Oddoul, précédées d'un Essai historique par M. et Mde Guizot. Édition illustrée par J. Grigoux.</marc:subfield><marc:subfield code="d">2 tom. Paris, 1839. 8º.</marc:subfield><marc:subfield code="w">(Uk)MP1.0000002921</marc:subfield></marc:datafield><marc:datafield tag="852" ind1="4" ind2="1"><marc:subfield code="a">British Library</marc:subfield><marc:subfield code="b">HMNTS</marc:subfield><marc:subfield code="j">4863.bb.1.</marc:subfield></marc:datafield></marc:record>