
<marc:record><marc:leader>01094cam a22002173  4500</marc:leader>
<marc:controlfield tag="001">000002640</marc:controlfield>
<marc:controlfield tag="003">Uk</marc:controlfield><marc:controlfield tag="005">20120120152500.0</marc:controlfield><marc:controlfield tag="008">870813|1865|||||||    ||     ||| |||||  </marc:controlfield><marc:datafield tag="040" ind1=" " ind2=" "><marc:subfield code="a">Uk</marc:subfield><marc:subfield code="c">Uk</marc:subfield></marc:datafield><marc:datafield tag="100" ind1="1" ind2=" "><marc:subfield code="a">ABAELARDUS, Petrus.</marc:subfield></marc:datafield><marc:datafield tag="240" ind1="1" ind2="0"><marc:subfield code="a">Letters</marc:subfield></marc:datafield><marc:datafield tag="245" ind1="1" ind2="0"><marc:subfield code="a">Lettres d'Héloïse et d'Abélard; traduction nouvelle par le Bibliophile Jacob [i.e. P. Lacroix], précédée d'un travail historique et littéraire par M. Villenave.</marc:subfield></marc:datafield><marc:datafield tag="260" ind1=" " ind2=" "><marc:subfield code="a">Paris,</marc:subfield><marc:subfield code="c">1865.</marc:subfield></marc:datafield><marc:datafield tag="300" ind1=" " ind2=" "><marc:subfield code="a">viii, 362 p. ;</marc:subfield><marc:subfield code="c">12º.</marc:subfield></marc:datafield><marc:datafield tag="700" ind1="1" ind2=" "><marc:subfield code="a">JACOB, Paul L.,</marc:subfield><marc:subfield code="c">pseud. [i.e. Paul Lacroix.]</marc:subfield></marc:datafield><marc:datafield tag="700" ind1="1" ind2=" "><marc:subfield code="a">VILLENAVE, Mathieu Guillaume Thérèse.</marc:subfield></marc:datafield><marc:datafield tag="787" ind1="0" ind2=" "><marc:subfield code="t">[Lettres d'Héloïse et d'Abélard; traduction nouvelle par le Bibliophile Jacob [i.e. P. Lacroix], précédée d'un travail historique et littéraire par M. Villenave.]</marc:subfield><marc:subfield code="d">Paris, 1873. 12º.</marc:subfield><marc:subfield code="w">(Uk)MP1.0000002922.1</marc:subfield></marc:datafield><marc:datafield tag="852" ind1="4" ind2="1"><marc:subfield code="a">British Library</marc:subfield><marc:subfield code="b">HMNTS</marc:subfield><marc:subfield code="j">10909.c.13.</marc:subfield></marc:datafield><marc:datafield tag="886" ind1="2" ind2=" "><marc:subfield code="2">blmarc</marc:subfield><marc:subfield code="a">709</marc:subfield><marc:subfield code="b">00</marc:subfield><marc:subfield code="a">JACOB</marc:subfield><marc:subfield code="h">Paul L.</marc:subfield><marc:subfield code="f">pseud. [i.e. Paul Lacroix.]</marc:subfield><marc:subfield code="p">10909.c.13.</marc:subfield><marc:subfield code="x">1622130138</marc:subfield></marc:datafield><marc:datafield tag="886" ind1="2" ind2=" "><marc:subfield code="2">blmarc</marc:subfield><marc:subfield code="a">709</marc:subfield><marc:subfield code="b">00</marc:subfield><marc:subfield code="a">VILLENAVE</marc:subfield><marc:subfield code="h">Mathieu Guillaume Thérèse</marc:subfield><marc:subfield code="p">10909.c.13.</marc:subfield><marc:subfield code="x">3401900226</marc:subfield></marc:datafield></marc:record>