
<marc:record><marc:leader>00613cam a22001813  4500</marc:leader>
<marc:controlfield tag="001">000002649</marc:controlfield>
<marc:controlfield tag="003">Uk</marc:controlfield><marc:controlfield tag="005">20120120152500.0</marc:controlfield><marc:controlfield tag="008">870813|1853|||||||    ||     ||| |||||  </marc:controlfield><marc:datafield tag="040" ind1=" " ind2=" "><marc:subfield code="a">Uk</marc:subfield><marc:subfield code="c">Uk</marc:subfield></marc:datafield><marc:datafield tag="100" ind1="1" ind2=" "><marc:subfield code="a">ABAELARDUS, Petrus.</marc:subfield></marc:datafield><marc:datafield tag="240" ind1="1" ind2="0"><marc:subfield code="a">Letters</marc:subfield></marc:datafield><marc:datafield tag="245" ind1="1" ind2="0"><marc:subfield code="a">Abälard und Heloise. Ihre Briefe und die Leidensgeschichte übersetzt und eingeleitet von M. Carriere. Zweite Auflage.</marc:subfield></marc:datafield><marc:datafield tag="260" ind1=" " ind2=" "><marc:subfield code="a">Giessen,</marc:subfield><marc:subfield code="c">1853.</marc:subfield></marc:datafield><marc:datafield tag="300" ind1=" " ind2=" "><marc:subfield code="a">xlvii, 223 p. ;</marc:subfield><marc:subfield code="c">8º.</marc:subfield></marc:datafield><marc:datafield tag="700" ind1="1" ind2=" "><marc:subfield code="a">CARRIERE, Philipp Moriz.</marc:subfield></marc:datafield><marc:datafield tag="852" ind1="4" ind2="1"><marc:subfield code="a">British Library</marc:subfield><marc:subfield code="b">HMNTS</marc:subfield><marc:subfield code="j">10905.bb.22.</marc:subfield></marc:datafield><marc:datafield tag="886" ind1="2" ind2=" "><marc:subfield code="2">blmarc</marc:subfield><marc:subfield code="a">709</marc:subfield><marc:subfield code="b">00</marc:subfield><marc:subfield code="a">CARRIERE</marc:subfield><marc:subfield code="h">Philipp Moriz</marc:subfield><marc:subfield code="p">10905.bb.22.</marc:subfield><marc:subfield code="x">0544490231</marc:subfield></marc:datafield></marc:record>