
<marc:record><marc:leader>00727cam a22002053  4500</marc:leader>
<marc:controlfield tag="001">000002668</marc:controlfield>
<marc:controlfield tag="003">Uk</marc:controlfield><marc:controlfield tag="005">20120420175200.0</marc:controlfield><marc:controlfield tag="008">870813|1886|||||||    ||     ||| |||||  </marc:controlfield><marc:datafield tag="040" ind1=" " ind2=" "><marc:subfield code="a">Uk</marc:subfield><marc:subfield code="c">Uk</marc:subfield></marc:datafield><marc:datafield tag="100" ind1="1" ind2=" "><marc:subfield code="a">ABAELARDUS, Petrus.</marc:subfield></marc:datafield><marc:datafield tag="240" ind1="1" ind2="0"><marc:subfield code="a">Single Works</marc:subfield></marc:datafield><marc:datafield tag="245" ind1="1" ind2="0"><marc:subfield code="a">Petri Abaelardi Planctus virginum Israel super filia Ieptae Galaditae. [Edited, with notes by] W. Meyer ... und W. Brambach.</marc:subfield></marc:datafield><marc:datafield tag="260" ind1=" " ind2=" "><marc:subfield code="a">München,</marc:subfield><marc:subfield code="c">[1886]</marc:subfield></marc:datafield><marc:datafield tag="300" ind1=" " ind2=" "><marc:subfield code="a">18 p. ;</marc:subfield><marc:subfield code="c">8º.</marc:subfield></marc:datafield><marc:datafield tag="700" ind1="1" ind2=" "><marc:subfield code="a">BRAMBACH, Wilhelm.</marc:subfield></marc:datafield><marc:datafield tag="700" ind1="1" ind2=" "><marc:subfield code="a">MEYER, Wilhelm,</marc:subfield><marc:subfield code="c">of Spires.</marc:subfield></marc:datafield><marc:datafield tag="852" ind1="4" ind2="1"><marc:subfield code="a">British Library</marc:subfield><marc:subfield code="b">HMNTS</marc:subfield><marc:subfield code="j">11408.g.5.</marc:subfield></marc:datafield><marc:datafield tag="886" ind1="2" ind2=" "><marc:subfield code="2">blmarc</marc:subfield><marc:subfield code="a">709</marc:subfield><marc:subfield code="b">00</marc:subfield><marc:subfield code="a">BRAMBACH</marc:subfield><marc:subfield code="h">Wilhelm</marc:subfield><marc:subfield code="p">11408.g.5.</marc:subfield><marc:subfield code="x">0405020309</marc:subfield></marc:datafield><marc:datafield tag="886" ind1="2" ind2=" "><marc:subfield code="2">blmarc</marc:subfield><marc:subfield code="a">709</marc:subfield><marc:subfield code="b">00</marc:subfield><marc:subfield code="a">MEYER</marc:subfield><marc:subfield code="h">Wilhelm</marc:subfield><marc:subfield code="f">of Spires</marc:subfield><marc:subfield code="p">11408.g.5.</marc:subfield><marc:subfield code="x">2201980144</marc:subfield></marc:datafield></marc:record>