
<marc:record><marc:leader>00653cam a22001693  4500</marc:leader>
<marc:controlfield tag="001">000002773</marc:controlfield>
<marc:controlfield tag="003">Uk</marc:controlfield><marc:controlfield tag="005">20110224145400.0</marc:controlfield><marc:controlfield tag="008">870813|1848|||||||    ||     ||| |||||  </marc:controlfield><marc:datafield tag="040" ind1=" " ind2=" "><marc:subfield code="a">Uk</marc:subfield><marc:subfield code="c">Uk</marc:subfield></marc:datafield><marc:datafield tag="100" ind1="1" ind2=" "><marc:subfield code="a">ABARBANELL, Eduard.</marc:subfield></marc:datafield><marc:datafield tag="245" ind1="1" ind2="0"><marc:subfield code="a">Ein Wort über die Typhus-Epidemie im Plesser Kreise bis Ende Mai 1848. Von den daselbst stationirt gewesenen Aerzten Dr. Abarbanell, in Berlin, Dr. Deutsch, in Nicolai, Dr. Heller, in Sagan, etc.</marc:subfield></marc:datafield><marc:datafield tag="260" ind1=" " ind2=" "><marc:subfield code="a">Berlin,</marc:subfield><marc:subfield code="c">1848.</marc:subfield></marc:datafield><marc:datafield tag="300" ind1=" " ind2=" "><marc:subfield code="a">32 p. ;</marc:subfield><marc:subfield code="c">8º.</marc:subfield></marc:datafield><marc:datafield tag="700" ind1="0" ind2=" "><marc:subfield code="a">DEUTSCH,</marc:subfield><marc:subfield code="c">Dr., of Nicolai.</marc:subfield></marc:datafield><marc:datafield tag="852" ind1="4" ind2="1"><marc:subfield code="a">British Library</marc:subfield><marc:subfield code="b">HMNTS</marc:subfield><marc:subfield code="j">7560.c.3.</marc:subfield></marc:datafield><marc:datafield tag="886" ind1="2" ind2=" "><marc:subfield code="2">blmarc</marc:subfield><marc:subfield code="a">709</marc:subfield><marc:subfield code="b">00</marc:subfield><marc:subfield code="a">DEUTSCH</marc:subfield><marc:subfield code="f">Dr., of Nicolai</marc:subfield><marc:subfield code="p">7560.c.3.</marc:subfield><marc:subfield code="x">0814720048</marc:subfield></marc:datafield></marc:record>