
<marc:record><marc:leader>00815cam a22001813  4500</marc:leader>
<marc:controlfield tag="001">000002774</marc:controlfield>
<marc:controlfield tag="003">Uk</marc:controlfield><marc:controlfield tag="005">20110119132000.0</marc:controlfield><marc:controlfield tag="008">870813|1841|||||||    ||     ||| |||||  </marc:controlfield><marc:datafield tag="040" ind1=" " ind2=" "><marc:subfield code="a">Uk</marc:subfield><marc:subfield code="c">Uk</marc:subfield></marc:datafield><marc:datafield tag="100" ind1="1" ind2=" "><marc:subfield code="a">ABARCA, Joaquin,</marc:subfield><marc:subfield code="c">Bishop of Leon.</marc:subfield></marc:datafield><marc:datafield tag="245" ind1="1" ind2="0"><marc:subfield code="a">Historia de la causa criminal formada contra ... J. Abarca por delitos de sedicion y alta traicion ... Siguen dos apendíces: el primero de cuales comprende varios documentos ... y el segundo una disertacion sobre la exencion personal de los eclesiasticos en causas criminales, por J. Alonso, Ministro de Gracia y Justicia. tom 1.</marc:subfield></marc:datafield><marc:datafield tag="260" ind1=" " ind2=" "><marc:subfield code="a">Madrid,</marc:subfield><marc:subfield code="c">1841.</marc:subfield></marc:datafield><marc:datafield tag="300" ind1=" " ind2=" "><marc:subfield code="c">16º.</marc:subfield></marc:datafield><marc:datafield tag="500" ind1=" " ind2=" "><marc:subfield code="a">Imperfect; wanting tom. 2.</marc:subfield></marc:datafield><marc:datafield tag="700" ind1="1" ind2=" "><marc:subfield code="a">ALONSO, José.</marc:subfield></marc:datafield><marc:datafield tag="852" ind1="4" ind2="1"><marc:subfield code="a">British Library</marc:subfield><marc:subfield code="b">HMNTS</marc:subfield><marc:subfield code="j">5383.a.5.</marc:subfield></marc:datafield><marc:datafield tag="886" ind1="2" ind2=" "><marc:subfield code="2">blmarc</marc:subfield><marc:subfield code="a">709</marc:subfield><marc:subfield code="b">00</marc:subfield><marc:subfield code="a">ALONSO</marc:subfield><marc:subfield code="h">José</marc:subfield><marc:subfield code="p">5383.a.5.</marc:subfield><marc:subfield code="x">0061920053</marc:subfield></marc:datafield></marc:record>