
<marc:record><marc:leader>00629cam a22001573  4500</marc:leader>
<marc:controlfield tag="001">000002779</marc:controlfield>
<marc:controlfield tag="003">Uk</marc:controlfield><marc:controlfield tag="005">20120415165400.0</marc:controlfield><marc:controlfield tag="008">870813|1830|||||||    ||     ||| |||||  </marc:controlfield><marc:datafield tag="040" ind1=" " ind2=" "><marc:subfield code="a">Uk</marc:subfield><marc:subfield code="c">Uk</marc:subfield></marc:datafield><marc:datafield tag="100" ind1="1" ind2=" "><marc:subfield code="a">ABARCA DE BOLEA, Pedro Pablo,</marc:subfield><marc:subfield code="c">Count d'Aranda.</marc:subfield></marc:datafield><marc:datafield tag="245" ind1="1" ind2="0"><marc:subfield code="a">Pombal, Choiseul et d'Aranda, ou l'intrigue des trois cabinets. Contenant un précis historique de ce qui s'est passé ... à l'occasion des Jésuites, lors de leur expulsion, etc.</marc:subfield></marc:datafield><marc:datafield tag="260" ind1=" " ind2=" "><marc:subfield code="c">1830.</marc:subfield></marc:datafield><marc:datafield tag="300" ind1=" " ind2=" "><marc:subfield code="a">xxxi, 159 p.</marc:subfield></marc:datafield><marc:datafield tag="580" ind1=" " ind2=" "><marc:subfield code="a">In : Jesuits. [Appendix.] Documents historiques, etc. tom. 3. 1827, etc. 8º.</marc:subfield></marc:datafield><marc:datafield tag="852" ind1="4" ind2="1"><marc:subfield code="a">British Library</marc:subfield><marc:subfield code="b">HMNTS</marc:subfield><marc:subfield code="j">04785.i.42.</marc:subfield></marc:datafield></marc:record>