
<marc:record><marc:leader>01016cam a22002657a 4500</marc:leader>
<marc:controlfield tag="001">000002801</marc:controlfield>
<marc:controlfield tag="003">Uk</marc:controlfield><marc:controlfield tag="005">20080626144402.0</marc:controlfield><marc:controlfield tag="008">861003s1878    pl            000 1|yidrd</marc:controlfield><marc:datafield tag="035" ind1=" " ind2=" "><marc:subfield code="a">(MH)MHACT14497HU</marc:subfield></marc:datafield><marc:datafield tag="040" ind1=" " ind2=" "><marc:subfield code="a">Uk</marc:subfield><marc:subfield code="c">Uk</marc:subfield><marc:subfield code="d">Uk</marc:subfield></marc:datafield><marc:datafield tag="100" ind1="1" ind2=" "><marc:subfield code="6">880-01</marc:subfield><marc:subfield code="a">Kalmus, Ulrich.</marc:subfield></marc:datafield><marc:datafield tag="245" ind1="1" ind2="0"><marc:subfield code="6">880-02</marc:subfield><marc:subfield code="a">Yeḳele ḳundas :</marc:subfield><marc:subfield code="b">ashehne mayśe ... /</marc:subfield><marc:subfield code="c">geshriben fun dem ḳarever boḥer Abash.</marc:subfield></marc:datafield><marc:datafield tag="260" ind1=" " ind2=" "><marc:subfield code="6">880-03</marc:subfield><marc:subfield code="a">Ṿarsha :</marc:subfield><marc:subfield code="b">Y. Alafin,</marc:subfield><marc:subfield code="c">635, 1878.</marc:subfield></marc:datafield><marc:datafield tag="300" ind1=" " ind2=" "><marc:subfield code="a">94 p. ;</marc:subfield><marc:subfield code="c">20 cm.</marc:subfield></marc:datafield><marc:datafield tag="501" ind1=" " ind2=" "><marc:subfield code="a">Bound with: Rabah.</marc:subfield></marc:datafield><marc:datafield tag="650" ind1=" " ind2="0"><marc:subfield code="a">Yiddish fiction.</marc:subfield></marc:datafield><marc:datafield tag="700" ind1="0" ind2=" "><marc:subfield code="6">880-04</marc:subfield><marc:subfield code="a">Abash.</marc:subfield></marc:datafield><marc:datafield tag="752" ind1=" " ind2=" "><marc:subfield code="a">Poland</marc:subfield><marc:subfield code="d">Warsaw</marc:subfield></marc:datafield><marc:datafield tag="852" ind1="4" ind2="1"><marc:subfield code="a">British Library</marc:subfield><marc:subfield code="b">HMNTS</marc:subfield><marc:subfield code="j">12252.c.11.(3)</marc:subfield></marc:datafield><marc:datafield tag="852" ind1="4" ind2="1"><marc:subfield code="a">British Library</marc:subfield><marc:subfield code="b">OC</marc:subfield><marc:subfield code="j">1979.c.68(3)</marc:subfield></marc:datafield><marc:datafield tag="880" ind1="1" ind2=" "><marc:subfield code="6">100-01/(2/r</marc:subfield><marc:subfield code="a">קאלמוס, אולריך.</marc:subfield></marc:datafield><marc:datafield tag="880" ind1="1" ind2="0"><marc:subfield code="6">245-02/(2/r</marc:subfield><marc:subfield code="a">יעקעלע קונדאס :</marc:subfield><marc:subfield code="b">אשעהנע מעשה ... /</marc:subfield><marc:subfield code="c">געשריבען פון דעם קארעווער בחור אבש.</marc:subfield></marc:datafield><marc:datafield tag="880" ind1=" " ind2=" "><marc:subfield code="6">260-03/(2/r</marc:subfield><marc:subfield code="a">ווארשא :</marc:subfield><marc:subfield code="b">ישראל אלאפין,</marc:subfield><marc:subfield code="c">תרל&quot;ח, 1878.</marc:subfield></marc:datafield><marc:datafield tag="880" ind1="0" ind2=" "><marc:subfield code="6">700-04/(2/r</marc:subfield><marc:subfield code="a">אבש.</marc:subfield></marc:datafield></marc:record>