
<marc:record><marc:leader>00762cam a22001933  4500</marc:leader>
<marc:controlfield tag="001">000002835</marc:controlfield>
<marc:controlfield tag="003">Uk</marc:controlfield><marc:controlfield tag="005">20110311165800.0</marc:controlfield><marc:controlfield tag="008">870813|1878|||||||    ||     ||| |||||  </marc:controlfield><marc:datafield tag="040" ind1=" " ind2=" "><marc:subfield code="a">Uk</marc:subfield><marc:subfield code="c">Uk</marc:subfield></marc:datafield><marc:datafield tag="100" ind1="1" ind2=" "><marc:subfield code="a">ABATE, Filomeno.</marc:subfield></marc:datafield><marc:datafield tag="245" ind1="1" ind2="0"><marc:subfield code="a">Dante dans les impressions de Lamartine.</marc:subfield></marc:datafield><marc:datafield tag="260" ind1=" " ind2=" "><marc:subfield code="a">Messine,</marc:subfield><marc:subfield code="c">1878.</marc:subfield></marc:datafield><marc:datafield tag="300" ind1=" " ind2=" "><marc:subfield code="a">52 p. ;</marc:subfield><marc:subfield code="c">8º.</marc:subfield></marc:datafield><marc:datafield tag="700" ind1="1" ind2=" "><marc:subfield code="a">Lamartine, Alphonse de,</marc:subfield><marc:subfield code="d">1790-1869.</marc:subfield><marc:subfield code="t">Appendix.</marc:subfield></marc:datafield><marc:datafield tag="700" ind1="0" ind2=" "><marc:subfield code="a">Dante Alighieri,</marc:subfield><marc:subfield code="d">1265-1321</marc:subfield><marc:subfield code="t">General Appendix. Biography and Criticism</marc:subfield></marc:datafield><marc:datafield tag="852" ind1="4" ind2="1"><marc:subfield code="a">British Library</marc:subfield><marc:subfield code="b">HMNTS</marc:subfield><marc:subfield code="j">11840.c.26.(6.)</marc:subfield></marc:datafield><marc:datafield tag="886" ind1="2" ind2=" "><marc:subfield code="2">blmarc</marc:subfield><marc:subfield code="a">709</marc:subfield><marc:subfield code="b">00</marc:subfield><marc:subfield code="a">DANTE ALIGHIERI</marc:subfield><marc:subfield code="t">General Appendix</marc:subfield><marc:subfield code="t">Biography and Criticism</marc:subfield><marc:subfield code="p">11840.c.26.(6.)</marc:subfield><marc:subfield code="x">0764380044</marc:subfield></marc:datafield><marc:datafield tag="886" ind1="2" ind2=" "><marc:subfield code="2">blmarc</marc:subfield><marc:subfield code="a">709</marc:subfield><marc:subfield code="b">00</marc:subfield><marc:subfield code="a">LAMARTINE DE PRAT</marc:subfield><marc:subfield code="h">Marie Louis Alphonse de</marc:subfield><marc:subfield code="t">Appendix</marc:subfield><marc:subfield code="p">11840.c.26.(6.)</marc:subfield><marc:subfield code="x">1824380097</marc:subfield></marc:datafield></marc:record>