
<marc:record><marc:leader>00910cam a22002173  4500</marc:leader>
<marc:controlfield tag="001">000002901</marc:controlfield>
<marc:controlfield tag="003">Uk</marc:controlfield><marc:controlfield tag="005">20120725174100.0</marc:controlfield><marc:controlfield tag="008">870813|1897|||||||    ||    |||| |||||  </marc:controlfield><marc:datafield tag="040" ind1=" " ind2=" "><marc:subfield code="a">Uk</marc:subfield><marc:subfield code="c">Uk</marc:subfield></marc:datafield><marc:datafield tag="245" ind1="1" ind2="0"><marc:subfield code="a">Abauj-Torna vármegye nemes családjai. Irta Csoma József. Kiadja Abauj-Torna vármegye közönsége. (Abauj-Torna egyesült vármegyék monographiája ... 1. köt.).</marc:subfield></marc:datafield><marc:datafield tag="260" ind1=" " ind2=" "><marc:subfield code="a">Kassa,</marc:subfield><marc:subfield code="c">1897.</marc:subfield></marc:datafield><marc:datafield tag="300" ind1=" " ind2=" "><marc:subfield code="a">xiv, 672 p., VIII plates ;</marc:subfield><marc:subfield code="c">4º.</marc:subfield></marc:datafield><marc:datafield tag="700" ind1="1" ind2=" "><marc:subfield code="a">CSOMA, József.</marc:subfield></marc:datafield><marc:datafield tag="700" ind1="1" ind2=" "><marc:subfield code="a">ENYICZKEI, Béla.</marc:subfield></marc:datafield><marc:datafield tag="700" ind1="1" ind2=" "><marc:subfield code="a">KEMÉNY, Lajos,</marc:subfield><marc:subfield code="c">Archivist, of Caschau.</marc:subfield></marc:datafield><marc:datafield tag="720" ind1=" " ind2=" "><marc:subfield code="a">ABAUJ-TORNA, County of</marc:subfield><marc:subfield code="e">main entry</marc:subfield></marc:datafield><marc:datafield tag="852" ind1="4" ind2="1"><marc:subfield code="a">British Library</marc:subfield><marc:subfield code="b">HMNTS</marc:subfield><marc:subfield code="j">9906.v.5.</marc:subfield></marc:datafield><marc:datafield tag="886" ind1="2" ind2=" "><marc:subfield code="2">blmarc</marc:subfield><marc:subfield code="a">709</marc:subfield><marc:subfield code="b">00</marc:subfield><marc:subfield code="a">CSOMA</marc:subfield><marc:subfield code="h">József</marc:subfield><marc:subfield code="p">9906.v.5.</marc:subfield><marc:subfield code="x">0734700326</marc:subfield></marc:datafield><marc:datafield tag="886" ind1="2" ind2=" "><marc:subfield code="2">blmarc</marc:subfield><marc:subfield code="a">709</marc:subfield><marc:subfield code="b">00</marc:subfield><marc:subfield code="a">ENYICZKEI</marc:subfield><marc:subfield code="h">Béla</marc:subfield><marc:subfield code="p">9906.v.5.</marc:subfield><marc:subfield code="x">1012310299</marc:subfield></marc:datafield><marc:datafield tag="886" ind1="2" ind2=" "><marc:subfield code="2">blmarc</marc:subfield><marc:subfield code="a">709</marc:subfield><marc:subfield code="b">00</marc:subfield><marc:subfield code="a">KEMÉNY</marc:subfield><marc:subfield code="h">Lajos</marc:subfield><marc:subfield code="f">Archivist, of Caschau</marc:subfield><marc:subfield code="p">9906.v.5.</marc:subfield><marc:subfield code="x">1723440191</marc:subfield></marc:datafield></marc:record>