
<marc:record><marc:leader>00684cam a22001813  4500</marc:leader>
<marc:controlfield tag="001">000002957</marc:controlfield>
<marc:controlfield tag="003">Uk</marc:controlfield><marc:controlfield tag="005">20110119132000.0</marc:controlfield><marc:controlfield tag="008">870813|1873|||||||    ||     ||| |||||  </marc:controlfield><marc:datafield tag="040" ind1=" " ind2=" "><marc:subfield code="a">Uk</marc:subfield><marc:subfield code="c">Uk</marc:subfield></marc:datafield><marc:datafield tag="100" ind1="1" ind2=" "><marc:subfield code="a">ABBADIE, Antoine Thompson d'.</marc:subfield></marc:datafield><marc:datafield tag="245" ind1="1" ind2="0"><marc:subfield code="a">[With eleven maps.]</marc:subfield></marc:datafield><marc:datafield tag="260" ind1=" " ind2=" "><marc:subfield code="a">Paris,</marc:subfield><marc:subfield code="c">1873.</marc:subfield></marc:datafield><marc:datafield tag="300" ind1=" " ind2=" "><marc:subfield code="a">xxxii. 502 p. ;</marc:subfield><marc:subfield code="c">4º.</marc:subfield></marc:datafield><marc:datafield tag="700" ind1="1" ind2=" "><marc:subfield code="a">RADAU, Rodolphe.</marc:subfield></marc:datafield><marc:datafield tag="787" ind1="0" ind2=" "><marc:subfield code="t">Géodésie d'une partie de la Haute Éthiopie, revue et rédigée par R. Radau. fasc. 1-3.</marc:subfield><marc:subfield code="d">pp. vii. 456. Paris, 1860-63. 4º.</marc:subfield><marc:subfield code="w">(Uk)MP1.0000003285</marc:subfield></marc:datafield><marc:datafield tag="852" ind1="4" ind2="1"><marc:subfield code="a">British Library</marc:subfield><marc:subfield code="b">HMNTS</marc:subfield><marc:subfield code="j">10095.i.13.</marc:subfield><marc:subfield code="3">[A reissue.]</marc:subfield></marc:datafield><marc:datafield tag="886" ind1="2" ind2=" "><marc:subfield code="2">blmarc</marc:subfield><marc:subfield code="a">709</marc:subfield><marc:subfield code="b">00</marc:subfield><marc:subfield code="a">RADAU</marc:subfield><marc:subfield code="h">Rodolphe</marc:subfield><marc:subfield code="p">10095.i.13.</marc:subfield><marc:subfield code="x">2691370127</marc:subfield><marc:subfield code="p">10096.i.19.</marc:subfield><marc:subfield code="x">2691370127</marc:subfield></marc:datafield></marc:record>