
<marc:record><marc:leader>00729cam a22001693  4500</marc:leader>
<marc:controlfield tag="001">000002981</marc:controlfield>
<marc:controlfield tag="003">Uk</marc:controlfield><marc:controlfield tag="005">20110311165800.0</marc:controlfield><marc:controlfield tag="008">870813|1835|||||||    ||     ||| |||||  </marc:controlfield><marc:datafield tag="040" ind1=" " ind2=" "><marc:subfield code="a">Uk</marc:subfield><marc:subfield code="c">Uk</marc:subfield></marc:datafield><marc:datafield tag="100" ind1="1" ind2=" "><marc:subfield code="a">ABBADIE, Jacques.</marc:subfield></marc:datafield><marc:datafield tag="245" ind1="1" ind2="0"><marc:subfield code="a">[Réflexions sur la présence réelle du corps de Jésus Christ dans l'Eucharistie. Comprises en diverses lettres.]</marc:subfield></marc:datafield><marc:datafield tag="250" ind1=" " ind2=" "><marc:subfield code="a">[Another edition.] Quatre lettres sur la Transsubstantiation.</marc:subfield></marc:datafield><marc:datafield tag="260" ind1=" " ind2=" "><marc:subfield code="a">Toulouse,</marc:subfield><marc:subfield code="c">1835.</marc:subfield></marc:datafield><marc:datafield tag="300" ind1=" " ind2=" "><marc:subfield code="a">172 p. ;</marc:subfield><marc:subfield code="c">12º.</marc:subfield></marc:datafield><marc:datafield tag="787" ind1="0" ind2=" "><marc:subfield code="t">Réflexions sur la présence réelle du corps de Jésus Christ dans l'Eucharistie. Comprises en diverses lettres.</marc:subfield><marc:subfield code="d">pp. 160. A. Troyel: La Haye, 1685. 12º.</marc:subfield><marc:subfield code="w">(Uk)MP1.0000003306</marc:subfield></marc:datafield><marc:datafield tag="852" ind1="4" ind2="1"><marc:subfield code="a">British Library</marc:subfield><marc:subfield code="b">HMNTS</marc:subfield><marc:subfield code="j">3901.bb.13.</marc:subfield></marc:datafield></marc:record>