
<marc:record><marc:leader>00788cam a22001693  4500</marc:leader>
<marc:controlfield tag="001">000002990</marc:controlfield>
<marc:controlfield tag="003">Uk</marc:controlfield><marc:controlfield tag="005">20121231165000.0</marc:controlfield><marc:controlfield tag="008">870813|1802|||||||    ||     ||| |||||  </marc:controlfield><marc:datafield tag="040" ind1=" " ind2=" "><marc:subfield code="a">Uk</marc:subfield><marc:subfield code="c">Uk</marc:subfield></marc:datafield><marc:datafield tag="100" ind1="1" ind2=" "><marc:subfield code="a">ABBADIE, Jacques.</marc:subfield></marc:datafield><marc:datafield tag="245" ind1="1" ind2="0"><marc:subfield code="a">[Traité de la divinité de Nôtre Seigneur Jesus-Christ] The deity of Jesus Christ essential to the Christian religion. A treatise on the divinity of Our Lord Jesus Christ ... A new edition of the English translation, revised ... by Abraham Booth.</marc:subfield></marc:datafield><marc:datafield tag="260" ind1=" " ind2=" "><marc:subfield code="a">Burlington, N.J. :</marc:subfield><marc:subfield code="b">Thomas Ustick,</marc:subfield><marc:subfield code="c">1802.</marc:subfield></marc:datafield><marc:datafield tag="300" ind1=" " ind2=" "><marc:subfield code="a">313 p. ;</marc:subfield><marc:subfield code="c">12º.</marc:subfield></marc:datafield><marc:datafield tag="700" ind1="1" ind2=" "><marc:subfield code="a">Booth, Abraham,</marc:subfield><marc:subfield code="d">1734-1806.</marc:subfield></marc:datafield><marc:datafield tag="852" ind1="4" ind2="1"><marc:subfield code="a">British Library</marc:subfield><marc:subfield code="b">HMNTS</marc:subfield><marc:subfield code="j">1607/3217.</marc:subfield></marc:datafield><marc:datafield tag="886" ind1="2" ind2=" "><marc:subfield code="2">blmarc</marc:subfield><marc:subfield code="a">709</marc:subfield><marc:subfield code="b">00</marc:subfield><marc:subfield code="a">BOOTH</marc:subfield><marc:subfield code="h">Abraham</marc:subfield><marc:subfield code="f">Pastor of the Baptist Church, Little Prescot Street, London</marc:subfield><marc:subfield code="p">1607/3217.</marc:subfield><marc:subfield code="x">0374180156</marc:subfield></marc:datafield></marc:record>