
<marc:record><marc:leader>00774cam a22001813  4500</marc:leader>
<marc:controlfield tag="001">000002991</marc:controlfield>
<marc:controlfield tag="003">Uk</marc:controlfield><marc:controlfield tag="005">20130503191800.0</marc:controlfield><marc:controlfield tag="008">870813|1848||||enk    ||     ||| |||||  </marc:controlfield><marc:datafield tag="040" ind1=" " ind2=" "><marc:subfield code="a">Uk</marc:subfield><marc:subfield code="c">Uk</marc:subfield></marc:datafield><marc:datafield tag="100" ind1="1" ind2=" "><marc:subfield code="a">ABBADIE, Jacques.</marc:subfield></marc:datafield><marc:datafield tag="245" ind1="1" ind2="0"><marc:subfield code="a">[Traité de la divinité de Notre Seigneur Jésus-Christ.] The Deity of Jesus Christ Essential to the Christian Religion ... Revised, corrected , and, in a few places, abridged by Abraham Booth.</marc:subfield></marc:datafield><marc:datafield tag="260" ind1=" " ind2=" "><marc:subfield code="a">London :</marc:subfield><marc:subfield code="b">R.T.S.,</marc:subfield><marc:subfield code="c">[1848]</marc:subfield></marc:datafield><marc:datafield tag="300" ind1=" " ind2=" "><marc:subfield code="a">xxiv, 336 p. ;</marc:subfield><marc:subfield code="c">12º.</marc:subfield></marc:datafield><marc:datafield tag="490" ind1="0" ind2=" "><marc:subfield code="a">[Doctrinal Puritans. vol. 13.]</marc:subfield></marc:datafield><marc:datafield tag="700" ind1="1" ind2=" "><marc:subfield code="a">Booth, Abraham,</marc:subfield><marc:subfield code="d">1734-1806.</marc:subfield></marc:datafield><marc:datafield tag="852" ind1="4" ind2="1"><marc:subfield code="a">British Library</marc:subfield><marc:subfield code="b">HMNTS</marc:subfield><marc:subfield code="j">03560.e.57.</marc:subfield></marc:datafield><marc:datafield tag="886" ind1="2" ind2=" "><marc:subfield code="2">blmarc</marc:subfield><marc:subfield code="a">709</marc:subfield><marc:subfield code="b">00</marc:subfield><marc:subfield code="a">BOOTH</marc:subfield><marc:subfield code="h">Abraham</marc:subfield><marc:subfield code="f">Pastor of the Baptist Church, Little Prescot Street, London</marc:subfield><marc:subfield code="p">03560.e.5/7.</marc:subfield><marc:subfield code="x">0374180164</marc:subfield></marc:datafield></marc:record>