
<marc:record><marc:leader>00534cam a22001453  4500</marc:leader>
<marc:controlfield tag="001">000003015</marc:controlfield>
<marc:controlfield tag="003">Uk</marc:controlfield><marc:controlfield tag="005">20121115180900.0</marc:controlfield><marc:controlfield tag="008">870813|1808|||||||    ||     ||| |||||  </marc:controlfield><marc:datafield tag="040" ind1=" " ind2=" "><marc:subfield code="a">Uk</marc:subfield><marc:subfield code="c">Uk</marc:subfield></marc:datafield><marc:datafield tag="100" ind1="1" ind2=" "><marc:subfield code="a">ABBAD Y LASIERRA, Agustín Íñigo,</marc:subfield><marc:subfield code="c">Bishop of Barbastro.</marc:subfield></marc:datafield><marc:datafield tag="245" ind1="1" ind2="0"><marc:subfield code="a">Edicto del ilustrisimo Sr. Obispo de Balbastro, para el alistamiento. (Diarios de Cadiz numeros 222 y 223.).</marc:subfield></marc:datafield><marc:datafield tag="260" ind1=" " ind2=" "><marc:subfield code="a">Reimpreso en Buenos-Aires :</marc:subfield><marc:subfield code="b">Imprenta de Niños Expósitos,</marc:subfield><marc:subfield code="c">1808.</marc:subfield></marc:datafield><marc:datafield tag="300" ind1=" " ind2=" "><marc:subfield code="c">4º.</marc:subfield></marc:datafield><marc:datafield tag="852" ind1="4" ind2="1"><marc:subfield code="a">British Library</marc:subfield><marc:subfield code="b">HMNTS</marc:subfield><marc:subfield code="j">Cup.405.c.1.(21.)</marc:subfield></marc:datafield></marc:record>