
<marc:record><marc:leader>00932cam a22001933  4500</marc:leader>
<marc:controlfield tag="001">000003017</marc:controlfield>
<marc:controlfield tag="003">Uk</marc:controlfield><marc:controlfield tag="005">20110119132100.0</marc:controlfield><marc:controlfield tag="008">870813|1866|||||||    ||     ||| |||||  </marc:controlfield><marc:datafield tag="040" ind1=" " ind2=" "><marc:subfield code="a">Uk</marc:subfield><marc:subfield code="c">Uk</marc:subfield></marc:datafield><marc:datafield tag="100" ind1="1" ind2=" "><marc:subfield code="a">ABBAD Y LASIERRA, Agustín Íñigo,</marc:subfield><marc:subfield code="c">Bishop of Barbastro.</marc:subfield></marc:datafield><marc:datafield tag="245" ind1="1" ind2="0"><marc:subfield code="a">[Historia geográfica, civil y politica de la Isla de S. Juan Bautista de Puerto Rico, Dala a luz A. Valladares de Sotomayor.]</marc:subfield></marc:datafield><marc:datafield tag="250" ind1=" " ind2=" "><marc:subfield code="a">Nueva edicion, anotada ... y continuada ... por J. J. de Acosta y Calbo.</marc:subfield></marc:datafield><marc:datafield tag="260" ind1=" " ind2=" "><marc:subfield code="a">Puerto-Rico,</marc:subfield><marc:subfield code="c">1866.</marc:subfield></marc:datafield><marc:datafield tag="300" ind1=" " ind2=" "><marc:subfield code="a">x. 508 p. ;</marc:subfield><marc:subfield code="c">4º.</marc:subfield></marc:datafield><marc:datafield tag="700" ind1="1" ind2=" "><marc:subfield code="a">ACOSTA Y CALBO, José Julian de.</marc:subfield></marc:datafield><marc:datafield tag="787" ind1="0" ind2=" "><marc:subfield code="t">Historia geográfica, civil y politica de la Isla de S. Juan Bautista de Puerto Rico, Dala a luz A. Valladares de Sotomayor.</marc:subfield><marc:subfield code="d">pp. 403. Madrid, 1788. 4º.</marc:subfield><marc:subfield code="w">(Uk)MP1.0000003337</marc:subfield></marc:datafield><marc:datafield tag="852" ind1="4" ind2="1"><marc:subfield code="a">British Library</marc:subfield><marc:subfield code="b">HMNTS</marc:subfield><marc:subfield code="j">10480.h.18.</marc:subfield></marc:datafield><marc:datafield tag="886" ind1="2" ind2=" "><marc:subfield code="2">blmarc</marc:subfield><marc:subfield code="a">709</marc:subfield><marc:subfield code="b">00</marc:subfield><marc:subfield code="a">ACOSTA Y CALBO</marc:subfield><marc:subfield code="h">José Julian de</marc:subfield><marc:subfield code="p">10480.h.18.</marc:subfield><marc:subfield code="x">3610340045</marc:subfield></marc:datafield></marc:record>