
<marc:record><marc:leader>00580cam a22001693  4500</marc:leader>
<marc:controlfield tag="001">000003061</marc:controlfield>
<marc:controlfield tag="003">Uk</marc:controlfield><marc:controlfield tag="005">20110119132100.0</marc:controlfield><marc:controlfield tag="008">951025|1880|||||||    ||    |||| |||||  </marc:controlfield><marc:datafield tag="040" ind1=" " ind2=" "><marc:subfield code="a">Uk</marc:subfield><marc:subfield code="c">Uk</marc:subfield></marc:datafield><marc:datafield tag="245" ind1="1" ind2="3"><marc:subfield code="a">An Illustrated Historical Album of the Rajas and Taaluqdars of Oudh. [With portraits.]</marc:subfield></marc:datafield><marc:datafield tag="260" ind1=" " ind2=" "><marc:subfield code="a">pp. xxiii. 102. 86. 96. Allahabad, 1880.</marc:subfield></marc:datafield><marc:datafield tag="300" ind1=" " ind2=" "><marc:subfield code="a">4º.</marc:subfield></marc:datafield><marc:datafield tag="651" ind1=" " ind2="0"><marc:subfield code="a">Oudh (India)</marc:subfield><marc:subfield code="x">Kings and rulers.</marc:subfield></marc:datafield><marc:datafield tag="720" ind1=" " ind2=" "><marc:subfield code="a">'ABBĀS 'ALĪ, Ḣājī</marc:subfield><marc:subfield code="e">main entry</marc:subfield></marc:datafield><marc:datafield tag="852" ind1="4" ind2="1"><marc:subfield code="a">British Library</marc:subfield><marc:subfield code="b">OC</marc:subfield><marc:subfield code="j">14109.bb.24.</marc:subfield></marc:datafield><marc:datafield tag="852" ind1="4" ind2="1"><marc:subfield code="a">British Library</marc:subfield><marc:subfield code="b">OC</marc:subfield><marc:subfield code="j">V 6646</marc:subfield><marc:subfield code="3">[Another copy.]***Held in OIOC.</marc:subfield></marc:datafield></marc:record>