
<marc:record><marc:leader>00912cam a22001933  4500</marc:leader>
<marc:controlfield tag="001">000003067</marc:controlfield>
<marc:controlfield tag="003">Uk</marc:controlfield><marc:controlfield tag="005">20130412141000.0</marc:controlfield><marc:controlfield tag="008">870813|1865|||||||    ||    |||| |||||  </marc:controlfield><marc:datafield tag="040" ind1=" " ind2=" "><marc:subfield code="a">Uk</marc:subfield><marc:subfield code="c">Uk</marc:subfield></marc:datafield><marc:datafield tag="245" ind1="1" ind2="0"><marc:subfield code="a">Un Chapitre de l'histoire de l'Inde Musulmane, ou Chronique de Scher Schah, Sultan de Dehli [written originally in Persian], traduite de l'Hindoustani par M. Garcin de Tassy, etc. (Extrait de la Revue de l'Orient, etc.).</marc:subfield></marc:datafield><marc:datafield tag="260" ind1=" " ind2=" "><marc:subfield code="a">Paris,</marc:subfield><marc:subfield code="c">1865.</marc:subfield></marc:datafield><marc:datafield tag="300" ind1=" " ind2=" "><marc:subfield code="a">164 p. ;</marc:subfield><marc:subfield code="c">8º.</marc:subfield></marc:datafield><marc:datafield tag="700" ind1="1" ind2=" "><marc:subfield code="a">Garcin de Tassy,</marc:subfield><marc:subfield code="c">M.</marc:subfield><marc:subfield code="q">(Joseph-Héliodore-Sagesse-Vertu),</marc:subfield><marc:subfield code="d">1794-1878.</marc:subfield></marc:datafield><marc:datafield tag="720" ind1=" " ind2=" "><marc:subfield code="a">'ABBĀS KHĀN IBN SHĒR 'ALĪ, Sarwānī</marc:subfield><marc:subfield code="e">main entry</marc:subfield></marc:datafield><marc:datafield tag="720" ind1=" " ind2=" "><marc:subfield code="a">SHER SHAH, Sultan of Delhi</marc:subfield></marc:datafield><marc:datafield tag="852" ind1="4" ind2="1"><marc:subfield code="a">British Library</marc:subfield><marc:subfield code="b">OC</marc:subfield><marc:subfield code="j">14773.dd.4.</marc:subfield></marc:datafield><marc:datafield tag="886" ind1="2" ind2=" "><marc:subfield code="2">blmarc</marc:subfield><marc:subfield code="a">709</marc:subfield><marc:subfield code="b">00</marc:subfield><marc:subfield code="a">GARCIN DE TASSY</marc:subfield><marc:subfield code="h">Joseph Héliodore Sagesse Vertu</marc:subfield><marc:subfield code="p">14773.dd.4.</marc:subfield><marc:subfield code="x">1194520243</marc:subfield></marc:datafield><marc:datafield tag="886" ind1="2" ind2=" "><marc:subfield code="2">blmarc</marc:subfield><marc:subfield code="a">709</marc:subfield><marc:subfield code="b">00</marc:subfield><marc:subfield code="a">SHER SHAH, Sultan of Delhi</marc:subfield><marc:subfield code="p">14773.dd.4.</marc:subfield><marc:subfield code="x">3011080054</marc:subfield></marc:datafield></marc:record>