
<marc:record><marc:leader>00616cam a22001693  4500</marc:leader>
<marc:controlfield tag="001">000003127</marc:controlfield>
<marc:controlfield tag="003">Uk</marc:controlfield><marc:controlfield tag="005">20111222151700.0</marc:controlfield><marc:controlfield tag="008">870813|1868|||||||    ||     ||| |||||  </marc:controlfield><marc:datafield tag="040" ind1=" " ind2=" "><marc:subfield code="a">Uk</marc:subfield><marc:subfield code="c">Uk</marc:subfield></marc:datafield><marc:datafield tag="100" ind1="1" ind2=" "><marc:subfield code="a">ABBATT, Richard.</marc:subfield></marc:datafield><marc:datafield tag="245" ind1="1" ind2="2"><marc:subfield code="a">A Short Introduction to the Principia [of Sir T. Newton]; or, the first step in physical astronomy.</marc:subfield></marc:datafield><marc:datafield tag="260" ind1=" " ind2=" "><marc:subfield code="a">London :</marc:subfield><marc:subfield code="b">Woodfall &amp; Kinder,</marc:subfield><marc:subfield code="c">1868.</marc:subfield></marc:datafield><marc:datafield tag="300" ind1=" " ind2=" "><marc:subfield code="a">14 p. ;</marc:subfield><marc:subfield code="c">8º.</marc:subfield></marc:datafield><marc:datafield tag="700" ind1="1" ind2=" "><marc:subfield code="a">Newton, Isaac,</marc:subfield><marc:subfield code="c">Sir,</marc:subfield><marc:subfield code="d">1642-1727.</marc:subfield></marc:datafield><marc:datafield tag="852" ind1="4" ind2="1"><marc:subfield code="a">British Library</marc:subfield><marc:subfield code="b">HMNTS</marc:subfield><marc:subfield code="j">8507.e.3.(2.)</marc:subfield></marc:datafield><marc:datafield tag="886" ind1="2" ind2=" "><marc:subfield code="2">blmarc</marc:subfield><marc:subfield code="a">709</marc:subfield><marc:subfield code="b">00</marc:subfield><marc:subfield code="a">NEWTON</marc:subfield><marc:subfield code="e">Sir</marc:subfield><marc:subfield code="h">Isaac</marc:subfield><marc:subfield code="t">Single Works</marc:subfield><marc:subfield code="t">Principia</marc:subfield><marc:subfield code="t">Appendix</marc:subfield><marc:subfield code="p">8507.e.3.(2.)</marc:subfield><marc:subfield code="x">2360540173</marc:subfield></marc:datafield></marc:record>