
<marc:record><marc:leader>00532cam a22001453  4500</marc:leader>
<marc:controlfield tag="001">000003204</marc:controlfield>
<marc:controlfield tag="003">Uk</marc:controlfield><marc:controlfield tag="005">20120217162500.0</marc:controlfield><marc:controlfield tag="008">870813|1818|||||||    ||     ||| |||||  </marc:controlfield><marc:datafield tag="040" ind1=" " ind2=" "><marc:subfield code="a">Uk</marc:subfield><marc:subfield code="c">Uk</marc:subfield></marc:datafield><marc:datafield tag="110" ind1="2" ind2=" "><marc:subfield code="a">Chambres consultatives des arts et métiers de l'arrondissement (ABBEVILLE)</marc:subfield></marc:datafield><marc:datafield tag="245" ind1="1" ind2="0"><marc:subfield code="a">Begin. A Messieurs les Membres de la Chambre des Députés. [A petition against the suppression of the dépôt of Salt at Abbeville.]</marc:subfield></marc:datafield><marc:datafield tag="260" ind1=" " ind2=" "><marc:subfield code="a">[Paris?],</marc:subfield><marc:subfield code="c">1818.</marc:subfield></marc:datafield><marc:datafield tag="300" ind1=" " ind2=" "><marc:subfield code="a">6 p. ;</marc:subfield><marc:subfield code="c">8º.</marc:subfield></marc:datafield><marc:datafield tag="852" ind1="4" ind2="1"><marc:subfield code="a">British Library</marc:subfield><marc:subfield code="b">HMNTS</marc:subfield><marc:subfield code="j">1141.h.18.(2.)</marc:subfield></marc:datafield></marc:record>