
<marc:record><marc:leader>00714cas a2200193 a 4500</marc:leader>
<marc:controlfield tag="001">000003214</marc:controlfield>
<marc:controlfield tag="003">Uk</marc:controlfield><marc:controlfield tag="005">20090724101717.0</marc:controlfield><marc:controlfield tag="007">ta</marc:controlfield><marc:controlfield tag="008">870813d18881937fr qr p       0   b0fre  </marc:controlfield><marc:datafield tag="022" ind1="0" ind2=" "><marc:subfield code="a">0989-0211</marc:subfield></marc:datafield><marc:datafield tag="040" ind1=" " ind2=" "><marc:subfield code="a">Uk</marc:subfield><marc:subfield code="c">Uk</marc:subfield><marc:subfield code="d">Uk</marc:subfield></marc:datafield><marc:datafield tag="245" ind1="0" ind2="0"><marc:subfield code="a">Bulletin de la Société d'émulation d'Abbeville.</marc:subfield></marc:datafield><marc:datafield tag="260" ind1=" " ind2=" "><marc:subfield code="a">Abbeville :</marc:subfield><marc:subfield code="b">Société d'émulation d'Abbeville,</marc:subfield><marc:subfield code="c">1888-1937</marc:subfield></marc:datafield><marc:datafield tag="300" ind1=" " ind2=" "><marc:subfield code="a">v. ;</marc:subfield><marc:subfield code="c">8º.</marc:subfield></marc:datafield><marc:datafield tag="710" ind1="2" ind2=" "><marc:subfield code="a">Société d'émulation historique et littéraire d'Abbeville.</marc:subfield></marc:datafield><marc:datafield tag="780" ind1="0" ind2="0"><marc:subfield code="t">Bulletin des procès-verbaux de la Société d'émulation d'Abbeville</marc:subfield><marc:subfield code="x">1155-6811</marc:subfield></marc:datafield><marc:datafield tag="785" ind1="0" ind2="0"><marc:subfield code="t">Société d'émulation historique et littéraire d'Abbeville</marc:subfield><marc:subfield code="x">0081-0819</marc:subfield></marc:datafield><marc:datafield tag="852" ind1="4" ind2="1"><marc:subfield code="a">British Library</marc:subfield><marc:subfield code="b">HMNTS</marc:subfield><marc:subfield code="j">Ac.230/5.</marc:subfield></marc:datafield></marc:record>