
<marc:record><marc:leader>00707cam a22001813  4500</marc:leader>
<marc:controlfield tag="001">000003244</marc:controlfield>
<marc:controlfield tag="003">Uk</marc:controlfield><marc:controlfield tag="005">20130430174800.0</marc:controlfield><marc:controlfield tag="008">870813|1878||||enk    ||     ||| ||eng  </marc:controlfield><marc:datafield tag="040" ind1=" " ind2=" "><marc:subfield code="a">Uk</marc:subfield><marc:subfield code="c">Uk</marc:subfield></marc:datafield><marc:datafield tag="100" ind1="1" ind2=" "><marc:subfield code="a">ABBEY, Charles John,</marc:subfield><marc:subfield code="c">and OVERTON (John Henry)</marc:subfield></marc:datafield><marc:datafield tag="245" ind1="1" ind2="4"><marc:subfield code="a">The English Church in the Eighteenth Century.</marc:subfield></marc:datafield><marc:datafield tag="260" ind1=" " ind2=" "><marc:subfield code="a">London :</marc:subfield><marc:subfield code="b">Longmans, Green &amp; Co.,</marc:subfield><marc:subfield code="c">1878.</marc:subfield></marc:datafield><marc:datafield tag="300" ind1=" " ind2=" "><marc:subfield code="a">2 vol. ;</marc:subfield><marc:subfield code="c">8º.</marc:subfield></marc:datafield><marc:datafield tag="700" ind1="1" ind2=" "><marc:subfield code="a">OVERTON, John Henry.</marc:subfield></marc:datafield><marc:datafield tag="775" ind1="0" ind2=" "><marc:subfield code="t">[The English Church in the Eighteenth Century.]</marc:subfield><marc:subfield code="d">pp. xvi. 495. Longmans &amp; Co.: London, 1887. 8º.</marc:subfield><marc:subfield code="w">(Uk)MP1.0000003639.1</marc:subfield></marc:datafield><marc:datafield tag="852" ind1="4" ind2="1"><marc:subfield code="a">British Library</marc:subfield><marc:subfield code="b">HMNTS</marc:subfield><marc:subfield code="j">2210.cc.1.</marc:subfield></marc:datafield><marc:datafield tag="886" ind1="2" ind2=" "><marc:subfield code="2">blmarc</marc:subfield><marc:subfield code="a">709</marc:subfield><marc:subfield code="b">00</marc:subfield><marc:subfield code="a">OVERTON</marc:subfield><marc:subfield code="h">John Henry</marc:subfield><marc:subfield code="p">2210.cc.1.</marc:subfield><marc:subfield code="x">2441020021</marc:subfield><marc:subfield code="p">4705.bbb.23.</marc:subfield><marc:subfield code="x">2441020021</marc:subfield></marc:datafield></marc:record>