
<marc:record><marc:leader>00880cam a22001933  4500</marc:leader>
<marc:controlfield tag="001">000003429</marc:controlfield>
<marc:controlfield tag="003">Uk</marc:controlfield><marc:controlfield tag="005">20111222151700.0</marc:controlfield><marc:controlfield tag="008">870813|1844|||||||    ||    |||| |||||  </marc:controlfield><marc:datafield tag="040" ind1=" " ind2=" "><marc:subfield code="a">Uk</marc:subfield><marc:subfield code="c">Uk</marc:subfield></marc:datafield><marc:datafield tag="245" ind1="1" ind2="0"><marc:subfield code="a">Abbeychurch, or Self Control and Self Conceit. [By Charlotte Mary Yonge.]</marc:subfield></marc:datafield><marc:datafield tag="260" ind1=" " ind2=" "><marc:subfield code="a">London :</marc:subfield><marc:subfield code="b">James Burns,</marc:subfield><marc:subfield code="c">1844.</marc:subfield></marc:datafield><marc:datafield tag="300" ind1=" " ind2=" "><marc:subfield code="a">320 p. ;</marc:subfield><marc:subfield code="c">8º.</marc:subfield></marc:datafield><marc:datafield tag="700" ind1="1" ind2=" "><marc:subfield code="a">Yonge, Charlotte Mary,</marc:subfield><marc:subfield code="d">1823-1901</marc:subfield><marc:subfield code="t">Single Works.</marc:subfield></marc:datafield><marc:datafield tag="720" ind1=" " ind2=" "><marc:subfield code="a">ABBEYCHURCH</marc:subfield><marc:subfield code="e">main entry</marc:subfield></marc:datafield><marc:datafield tag="775" ind1="0" ind2=" "><marc:subfield code="t">[Abbeychurch, or Self Control and Self Conceit. [By Charlotte Mary Yonge.]]</marc:subfield><marc:subfield code="d">2 pt. J. &amp; C. Mozley: London, 1872. 8º.</marc:subfield><marc:subfield code="w">(Uk)MP1.0000003830.2</marc:subfield></marc:datafield><marc:datafield tag="787" ind1="0" ind2=" "><marc:subfield code="t">Abbeychurch, etc.</marc:subfield><marc:subfield code="d">John &amp; Charles Mozley; Joseph Masters: London, 1848. 8º.</marc:subfield><marc:subfield code="w">(Uk)MP1.0000003830.1</marc:subfield></marc:datafield><marc:datafield tag="852" ind1="4" ind2="1"><marc:subfield code="a">British Library</marc:subfield><marc:subfield code="b">HMNTS</marc:subfield><marc:subfield code="j">1362.c.18.</marc:subfield></marc:datafield><marc:datafield tag="886" ind1="2" ind2=" "><marc:subfield code="2">blmarc</marc:subfield><marc:subfield code="a">709</marc:subfield><marc:subfield code="b">00</marc:subfield><marc:subfield code="a">YONGE</marc:subfield><marc:subfield code="h">Charlotte Mary</marc:subfield><marc:subfield code="t">Single Works</marc:subfield><marc:subfield code="p">1362.c.18.</marc:subfield><marc:subfield code="x">3574200145</marc:subfield><marc:subfield code="p">4413.ccc.1.</marc:subfield><marc:subfield code="x">3574200153</marc:subfield></marc:datafield></marc:record>