
<marc:record><marc:leader>00948cam a22001693  4500</marc:leader>
<marc:controlfield tag="001">000003454</marc:controlfield>
<marc:controlfield tag="003">Uk</marc:controlfield><marc:controlfield tag="005">20110119132100.0</marc:controlfield><marc:controlfield tag="008">870813|1827|||||||    ||    |||| |||||  </marc:controlfield><marc:datafield tag="040" ind1=" " ind2=" "><marc:subfield code="a">Uk</marc:subfield><marc:subfield code="c">Uk</marc:subfield></marc:datafield><marc:datafield tag="245" ind1="1" ind2="0"><marc:subfield code="a">Abbildungen aus der Mythologie der Völker der alten Welt als nöthiger Behelf zu jedem mythologischen Lehrbuche [and particularly the “Untersuchungen über den Mythos der berühmten Völker der alten Welt,” etc., of J. L. von Hug].</marc:subfield></marc:datafield><marc:datafield tag="260" ind1=" " ind2=" "><marc:subfield code="a">Freiburg im Breisgau,</marc:subfield><marc:subfield code="c">[1827]</marc:subfield></marc:datafield><marc:datafield tag="300" ind1=" " ind2=" "><marc:subfield code="c">4º.</marc:subfield></marc:datafield><marc:datafield tag="700" ind1="1" ind2=" "><marc:subfield code="a">HUG, Johann Leonhard von.</marc:subfield><marc:subfield code="t">Untersuchungen über den Mythos der berühmten Völker der alten Welt vorzüglich der Griecher. ... Zweite Auflage.</marc:subfield></marc:datafield><marc:datafield tag="720" ind1=" " ind2=" "><marc:subfield code="a">ABBILDUNGEN</marc:subfield><marc:subfield code="e">main entry</marc:subfield></marc:datafield><marc:datafield tag="852" ind1="4" ind2="1"><marc:subfield code="a">British Library</marc:subfield><marc:subfield code="b">HMNTS</marc:subfield><marc:subfield code="j">696.l.23.</marc:subfield></marc:datafield><marc:datafield tag="886" ind1="2" ind2=" "><marc:subfield code="2">blmarc</marc:subfield><marc:subfield code="a">709</marc:subfield><marc:subfield code="b">00</marc:subfield><marc:subfield code="a">HUG</marc:subfield><marc:subfield code="h">Johann Leonhard von</marc:subfield><marc:subfield code="t">Untersuchungen über den Mythos der berühmten Völker der alten Welt vorzüglich der Griecher. ... Zweite Auflage.</marc:subfield><marc:subfield code="p">696.l.23.</marc:subfield><marc:subfield code="x">1544130139</marc:subfield></marc:datafield></marc:record>