
<marc:record><marc:leader>00531cam a22001333  4500</marc:leader>
<marc:controlfield tag="001">000003456</marc:controlfield>
<marc:controlfield tag="003">Uk</marc:controlfield><marc:controlfield tag="005">20110119132100.0</marc:controlfield><marc:controlfield tag="008">970925|1810|||||||    ||    |||| |||||  </marc:controlfield><marc:datafield tag="040" ind1=" " ind2=" "><marc:subfield code="a">Uk</marc:subfield><marc:subfield code="c">Uk</marc:subfield></marc:datafield><marc:datafield tag="245" ind1="1" ind2="0"><marc:subfield code="a">Fortgesetzte Abbildungen aller Obst-Arten, aus dem Teutschen Obstgärtner und dem Allgemeinen Teutschen Gartenmagazine.</marc:subfield></marc:datafield><marc:datafield tag="580" ind1=" " ind2=" "><marc:subfield code="a">In: Periodical Publications.-Weimar.-[Allgemeines Teutsches Garten-Magazin, etc.] Das Blumen-Cabinet, etc. [1810?] fol.</marc:subfield></marc:datafield><marc:datafield tag="720" ind1=" " ind2=" "><marc:subfield code="a">ABBILDUNGEN</marc:subfield><marc:subfield code="e">main entry</marc:subfield></marc:datafield><marc:datafield tag="852" ind1="4" ind2="1"><marc:subfield code="a">British Library</marc:subfield><marc:subfield code="b">HMNTS</marc:subfield><marc:subfield code="j">726.l.33*</marc:subfield></marc:datafield></marc:record>