
<marc:record><marc:leader>01288cam a22001693  4500</marc:leader>
<marc:controlfield tag="001">000003458</marc:controlfield>
<marc:controlfield tag="003">Uk</marc:controlfield><marc:controlfield tag="005">20110119132100.0</marc:controlfield><marc:controlfield tag="008">870813|1841|||||||    ||     ||| |||||  </marc:controlfield><marc:datafield tag="040" ind1=" " ind2=" "><marc:subfield code="a">Uk</marc:subfield><marc:subfield code="c">Uk</marc:subfield></marc:datafield><marc:datafield tag="100" ind1="1" ind2=" "><marc:subfield code="a">ABBING, Cornelis Alard.</marc:subfield></marc:datafield><marc:datafield tag="245" ind1="1" ind2="0"><marc:subfield code="a">Geschiedenis der Stad Hoorn, hoofdstad van West-Vriesland gedurende het grootste gedeelte der XVII en XVIII eeuw, of vervolg op Velius Chronyk, beginnende met het jaar 1630, met aanteekeningen en bijlagen uitgegeven door C. A. Abbing.</marc:subfield></marc:datafield><marc:datafield tag="260" ind1=" " ind2=" "><marc:subfield code="a">Hoorn,</marc:subfield><marc:subfield code="c">1841, 42.</marc:subfield></marc:datafield><marc:datafield tag="300" ind1=" " ind2=" "><marc:subfield code="a">2 dl. ;</marc:subfield><marc:subfield code="c">8º.</marc:subfield></marc:datafield><marc:datafield tag="700" ind1="1" ind2=" "><marc:subfield code="a">VELIUS, Theodorus.</marc:subfield><marc:subfield code="t">Chroniick van Hoorn, daer in verhaelt werden des selven stadts eerstebegin, opcomen, en gedenckweerdige geschiedenissen, tot op den Jare 1630 ... Derde Druck ... Hier achter is oock bygevoeght het Westfrisia T. Velii, overgeset in Nederduytsche versen door I. de Groot [together with the Latin text].</marc:subfield></marc:datafield><marc:datafield tag="852" ind1="4" ind2="1"><marc:subfield code="a">British Library</marc:subfield><marc:subfield code="b">HMNTS</marc:subfield><marc:subfield code="j">10270.d.7.</marc:subfield></marc:datafield><marc:datafield tag="886" ind1="2" ind2=" "><marc:subfield code="2">blmarc</marc:subfield><marc:subfield code="a">709</marc:subfield><marc:subfield code="b">00</marc:subfield><marc:subfield code="a">VELIUS</marc:subfield><marc:subfield code="h">Theodorus</marc:subfield><marc:subfield code="t">Chroniick van Hoorn, daer in verhaelt werden des selven stadts eerstebegin, opcomen, en gedenckweerdige geschiedenissen, tot op den Jare 1630 ... Derde Druck ... Hier achter is oock bygevoeght het Westfrisia T. Velii, overgeset in Nederduytsche versen door I. de Groot [together with the Latin text].</marc:subfield><marc:subfield code="p">10270.d.7.</marc:subfield><marc:subfield code="x">3380390127</marc:subfield></marc:datafield></marc:record>