
<marc:record><marc:leader>00792cam a22001813  4500</marc:leader>
<marc:controlfield tag="001">000003488</marc:controlfield>
<marc:controlfield tag="003">Uk</marc:controlfield><marc:controlfield tag="005">20110119132100.0</marc:controlfield><marc:controlfield tag="008">990720|1871|||||||    ||    |||| |||||  </marc:controlfield><marc:datafield tag="040" ind1=" " ind2=" "><marc:subfield code="a">Uk</marc:subfield><marc:subfield code="c">Uk</marc:subfield></marc:datafield><marc:datafield tag="245" ind1="1" ind2="0"><marc:subfield code="a">[Abbonis de obsidione Lutetiæ Parisior. a Normannis libri duo.]</marc:subfield></marc:datafield><marc:datafield tag="250" ind1=" " ind2=" "><marc:subfield code="a">[Another edition.] In usum scholarum ex Monumentis Germaniae Historicis recudi fecit G. H. Pertz.</marc:subfield></marc:datafield><marc:datafield tag="260" ind1=" " ind2=" "><marc:subfield code="a">Hannoverae,</marc:subfield><marc:subfield code="c">1871.</marc:subfield></marc:datafield><marc:datafield tag="300" ind1=" " ind2=" "><marc:subfield code="a">51 p. ;</marc:subfield><marc:subfield code="c">8º.</marc:subfield></marc:datafield><marc:datafield tag="490" ind1="0" ind2=" "><marc:subfield code="a">[Scriptores Rerum Germanicarum.]</marc:subfield></marc:datafield><marc:datafield tag="720" ind1=" " ind2=" "><marc:subfield code="a">ABBO, surnamed Cernuus, Monk of St. Germain</marc:subfield><marc:subfield code="e">main entry</marc:subfield></marc:datafield><marc:datafield tag="787" ind1="0" ind2=" "><marc:subfield code="t">Abbonis de obsidione Lutetiæ Parisior. a Normannis libri duo.</marc:subfield><marc:subfield code="n">In Pithou (P.) Annalium et Historiæ Francorum ... Scriptores coætanei, etc. 1588. 8º.</marc:subfield><marc:subfield code="w">(Uk)MP1.0000003890</marc:subfield></marc:datafield><marc:datafield tag="852" ind1="4" ind2="1"><marc:subfield code="a">British Library</marc:subfield><marc:subfield code="b">HMNTS</marc:subfield><marc:subfield code="j">9335.g.10/27.</marc:subfield></marc:datafield></marc:record>