
<marc:record><marc:leader>00920cam a22001813  4500</marc:leader>
<marc:controlfield tag="001">000003489</marc:controlfield>
<marc:controlfield tag="003">Uk</marc:controlfield><marc:controlfield tag="005">20120224170000.0</marc:controlfield><marc:controlfield tag="008">990720|1899|||||||    ||    |||| |||||  </marc:controlfield><marc:datafield tag="040" ind1=" " ind2=" "><marc:subfield code="a">Uk</marc:subfield><marc:subfield code="c">Uk</marc:subfield></marc:datafield><marc:datafield tag="245" ind1="1" ind2="0"><marc:subfield code="a">[Abbonis de obsidione Lutetiæ Parisior. a Normannis libri duo.]</marc:subfield></marc:datafield><marc:datafield tag="250" ind1=" " ind2=" "><marc:subfield code="a">[Another edition.] [Edited by P. C. R. von Winterfeld.]</marc:subfield></marc:datafield><marc:datafield tag="260" ind1=" " ind2=" "><marc:subfield code="c">1899.</marc:subfield></marc:datafield><marc:datafield tag="580" ind1=" " ind2=" "><marc:subfield code="a">In: Germany.-Gesellschaft für ältere deutsche Geschichtskunde. Monumenta Germaniae historica. Poetarum latinorum medii aevi. tom. 4. pt. 1. 1877, etc. 4º.</marc:subfield></marc:datafield><marc:datafield tag="720" ind1=" " ind2=" "><marc:subfield code="a">ABBO, surnamed Cernuus, Monk of St. Germain</marc:subfield><marc:subfield code="e">main entry</marc:subfield></marc:datafield><marc:datafield tag="787" ind1="0" ind2=" "><marc:subfield code="t">Abbonis de obsidione Lutetiæ Parisior. a Normannis libri duo.</marc:subfield><marc:subfield code="n">In Pithou (P.) Annalium et Historiæ Francorum ... Scriptores coætanei, etc. 1588. 8º.</marc:subfield><marc:subfield code="w">(Uk)MP1.0000003890</marc:subfield></marc:datafield><marc:datafield tag="852" ind1="4" ind2="1"><marc:subfield code="a">British Library</marc:subfield><marc:subfield code="b">HMNTS</marc:subfield><marc:subfield code="j">HLL943 (MG-A1)</marc:subfield></marc:datafield><marc:datafield tag="852" ind1="4" ind2="1"><marc:subfield code="a">British Library</marc:subfield><marc:subfield code="b">HMNTS</marc:subfield><marc:subfield code="j">Circ.45.b.(1).</marc:subfield><marc:subfield code="3">Superseded by HLL943 (MG-A1)</marc:subfield></marc:datafield></marc:record>