
<marc:record><marc:leader>00727cam a22001813  4500</marc:leader>
<marc:controlfield tag="001">000003508</marc:controlfield>
<marc:controlfield tag="003">Uk</marc:controlfield><marc:controlfield tag="005">20110119132100.0</marc:controlfield><marc:controlfield tag="008">870813|1820|||||||    ||    |||| ||eng  </marc:controlfield><marc:datafield tag="040" ind1=" " ind2=" "><marc:subfield code="a">Uk</marc:subfield><marc:subfield code="c">Uk</marc:subfield></marc:datafield><marc:datafield tag="245" ind1="1" ind2="4"><marc:subfield code="a">The Abbot. By the author of Waverley [i.e. Sir Walter Scott].</marc:subfield></marc:datafield><marc:datafield tag="260" ind1=" " ind2=" "><marc:subfield code="a">3 vol. Longmans &amp; Co.: London; A. Constable &amp; Co.: Edinburgh. 1820.</marc:subfield></marc:datafield><marc:datafield tag="300" ind1=" " ind2=" "><marc:subfield code="a">12º.</marc:subfield></marc:datafield><marc:datafield tag="700" ind1="1" ind2=" "><marc:subfield code="a">Scott, Walter,</marc:subfield><marc:subfield code="c">Sir,</marc:subfield><marc:subfield code="d">1771-1832</marc:subfield><marc:subfield code="t">Separate Works under Subheadings. The Abbot.</marc:subfield></marc:datafield><marc:datafield tag="720" ind1=" " ind2=" "><marc:subfield code="a">ABBOT</marc:subfield><marc:subfield code="e">main entry</marc:subfield></marc:datafield><marc:datafield tag="852" ind1="4" ind2="1"><marc:subfield code="a">British Library</marc:subfield><marc:subfield code="b">HMNTS</marc:subfield><marc:subfield code="j">636.e.14.</marc:subfield></marc:datafield><marc:datafield tag="852" ind1="4" ind2="1"><marc:subfield code="a">British Library</marc:subfield><marc:subfield code="b">HMNTS</marc:subfield><marc:subfield code="j">247.e.31-33.</marc:subfield><marc:subfield code="3">[Another copy.]</marc:subfield></marc:datafield><marc:datafield tag="886" ind1="2" ind2=" "><marc:subfield code="2">blmarc</marc:subfield><marc:subfield code="a">709</marc:subfield><marc:subfield code="b">00</marc:subfield><marc:subfield code="a">SCOTT</marc:subfield><marc:subfield code="e">Sir</marc:subfield><marc:subfield code="h">Walter</marc:subfield><marc:subfield code="f">Bart.</marc:subfield><marc:subfield code="t">Separate Works under Subheadings</marc:subfield><marc:subfield code="t">The Abbot</marc:subfield><marc:subfield code="p">636.e.14.</marc:subfield><marc:subfield code="x">2962800106</marc:subfield></marc:datafield></marc:record>