
<marc:record><marc:leader>00757cam a22001693  4500</marc:leader>
<marc:controlfield tag="001">000003524</marc:controlfield>
<marc:controlfield tag="003">Uk</marc:controlfield><marc:controlfield tag="005">20110119132100.0</marc:controlfield><marc:controlfield tag="008">870813|1815|||||||    ||     ||| |||||  </marc:controlfield><marc:datafield tag="040" ind1=" " ind2=" "><marc:subfield code="a">Uk</marc:subfield><marc:subfield code="c">Uk</marc:subfield></marc:datafield><marc:datafield tag="100" ind1="1" ind2=" "><marc:subfield code="a">ABBOT, Abiel,</marc:subfield><marc:subfield code="c">D.D., of Beverly, Mass.</marc:subfield></marc:datafield><marc:datafield tag="245" ind1="1" ind2="4"><marc:subfield code="a">[An Address delivered before the Massachusetts Society for Suppressing Intemperance, at their Anniversary Meeting, etc.]</marc:subfield></marc:datafield><marc:datafield tag="250" ind1=" " ind2=" "><marc:subfield code="a">[Another edition.]</marc:subfield></marc:datafield><marc:datafield tag="260" ind1=" " ind2=" "><marc:subfield code="a">Cambridge [Mass.] :</marc:subfield><marc:subfield code="b">Hilliard &amp; Metcalf,</marc:subfield><marc:subfield code="c">1815.</marc:subfield></marc:datafield><marc:datafield tag="300" ind1=" " ind2=" "><marc:subfield code="a">24 p. ;</marc:subfield><marc:subfield code="c">12º.</marc:subfield></marc:datafield><marc:datafield tag="787" ind1="0" ind2=" "><marc:subfield code="t">An Address delivered before the Massachusetts Society for Suppressing Intemperance, at their Anniversary Meeting, etc.</marc:subfield><marc:subfield code="d">pp. 23. Hilliard &amp; Metcalf: Cambridge [Mass.], 1815. 8º.</marc:subfield><marc:subfield code="w">(Uk)MP1.0000003926</marc:subfield></marc:datafield><marc:datafield tag="852" ind1="4" ind2="1"><marc:subfield code="a">British Library</marc:subfield><marc:subfield code="b">HMNTS</marc:subfield><marc:subfield code="j">8435.aaa.19.</marc:subfield></marc:datafield></marc:record>