
<marc:record><marc:leader>00549cam a22001693  4500</marc:leader>
<marc:controlfield tag="001">000003536</marc:controlfield>
<marc:controlfield tag="003">Uk</marc:controlfield><marc:controlfield tag="005">20120420175200.0</marc:controlfield><marc:controlfield tag="008">870813|1831|||||||    ||     ||| |||||  </marc:controlfield><marc:datafield tag="040" ind1=" " ind2=" "><marc:subfield code="a">Uk</marc:subfield><marc:subfield code="c">Uk</marc:subfield></marc:datafield><marc:datafield tag="100" ind1="1" ind2=" "><marc:subfield code="a">ABBOT, Abiel,</marc:subfield><marc:subfield code="c">D.D., of Beverly, Mass.</marc:subfield></marc:datafield><marc:datafield tag="245" ind1="1" ind2="0"><marc:subfield code="a">Sermons by ... A. Abbot ... With a memoir of his life, by S. Everett.</marc:subfield></marc:datafield><marc:datafield tag="260" ind1=" " ind2=" "><marc:subfield code="a">Boston :</marc:subfield><marc:subfield code="b">Wait, Green &amp; Co.,</marc:subfield><marc:subfield code="c">1831.</marc:subfield></marc:datafield><marc:datafield tag="300" ind1=" " ind2=" "><marc:subfield code="a">lxxii, 297 p. ;</marc:subfield><marc:subfield code="c">8º.</marc:subfield></marc:datafield><marc:datafield tag="700" ind1="1" ind2=" "><marc:subfield code="a">EVERETT, S.</marc:subfield></marc:datafield><marc:datafield tag="852" ind1="4" ind2="1"><marc:subfield code="a">British Library</marc:subfield><marc:subfield code="b">HMNTS</marc:subfield><marc:subfield code="j">4485.bb.65.</marc:subfield></marc:datafield><marc:datafield tag="886" ind1="2" ind2=" "><marc:subfield code="2">blmarc</marc:subfield><marc:subfield code="a">709</marc:subfield><marc:subfield code="b">00</marc:subfield><marc:subfield code="a">EVERETT</marc:subfield><marc:subfield code="h">S.</marc:subfield><marc:subfield code="p">4485.bb.65.</marc:subfield><marc:subfield code="x">1041510144</marc:subfield></marc:datafield></marc:record>