
<marc:record><marc:leader>00631cam a22001453  4500</marc:leader>
<marc:controlfield tag="001">000003561</marc:controlfield>
<marc:controlfield tag="003">Uk</marc:controlfield><marc:controlfield tag="005">20130710174400.0</marc:controlfield><marc:controlfield tag="008">870813|1828||||enk    ||     ||| |||||  </marc:controlfield><marc:datafield tag="040" ind1=" " ind2=" "><marc:subfield code="a">Uk</marc:subfield><marc:subfield code="c">Uk</marc:subfield></marc:datafield><marc:datafield tag="100" ind1="1" ind2=" "><marc:subfield code="a">ABBOT, Charles,</marc:subfield><marc:subfield code="c">1st Baron Colchester.</marc:subfield></marc:datafield><marc:datafield tag="245" ind1="1" ind2="0"><marc:subfield code="a">Speeches upon the Roman Catholic Claims: delivered in Parliament, by Charles Lord Colchester, in the House of Commons when Speaker, and subsequently in the House of Peers. With preliminary observations upon the present state of the Roman Catholic question.</marc:subfield></marc:datafield><marc:datafield tag="260" ind1=" " ind2=" "><marc:subfield code="a">London :</marc:subfield><marc:subfield code="b">J. Hatchard &amp; Son,</marc:subfield><marc:subfield code="c">1828.</marc:subfield></marc:datafield><marc:datafield tag="300" ind1=" " ind2=" "><marc:subfield code="a">113 p. ;</marc:subfield><marc:subfield code="c">8º.</marc:subfield></marc:datafield><marc:datafield tag="852" ind1="4" ind2="1"><marc:subfield code="a">British Library</marc:subfield><marc:subfield code="b">HMNTS</marc:subfield><marc:subfield code="j">T.1253.(4.)</marc:subfield></marc:datafield></marc:record>