
<marc:record><marc:leader>00719cam a22001813  4500</marc:leader>
<marc:controlfield tag="001">000003564</marc:controlfield>
<marc:controlfield tag="003">Uk</marc:controlfield><marc:controlfield tag="005">20130503191800.0</marc:controlfield><marc:controlfield tag="008">870813|1869||||enk    ||     ||| |||||  </marc:controlfield><marc:datafield tag="040" ind1=" " ind2=" "><marc:subfield code="a">Uk</marc:subfield><marc:subfield code="c">Uk</marc:subfield></marc:datafield><marc:datafield tag="100" ind1="1" ind2=" "><marc:subfield code="a">ABBOT, Charles,</marc:subfield><marc:subfield code="c">2nd Baron Colchester.</marc:subfield></marc:datafield><marc:datafield tag="245" ind1="1" ind2="0"><marc:subfield code="a">Memoranda of my life, from 1798 to 1859 inclusive, etc. [The dedicatory epistles signed: Elizabeth S. Colchester.]</marc:subfield></marc:datafield><marc:datafield tag="260" ind1=" " ind2=" "><marc:subfield code="a">London :</marc:subfield><marc:subfield code="b">printed by Spottiswoode &amp; Co.,</marc:subfield><marc:subfield code="c">1869-71.</marc:subfield></marc:datafield><marc:datafield tag="300" ind1=" " ind2=" "><marc:subfield code="a">2 pt. ;</marc:subfield><marc:subfield code="c">21 cm.</marc:subfield></marc:datafield><marc:datafield tag="500" ind1=" " ind2=" "><marc:subfield code="a">Not published. With “Appendix”.</marc:subfield></marc:datafield><marc:datafield tag="700" ind1="1" ind2=" "><marc:subfield code="a">ABBOT, Elizabeth Susan,</marc:subfield><marc:subfield code="c">Baroness Colchester.</marc:subfield></marc:datafield><marc:datafield tag="852" ind1="4" ind2="1"><marc:subfield code="a">British Library</marc:subfield><marc:subfield code="b">HMNTS</marc:subfield><marc:subfield code="j">1568/1642.</marc:subfield></marc:datafield><marc:datafield tag="886" ind1="2" ind2=" "><marc:subfield code="2">blmarc</marc:subfield><marc:subfield code="a">709</marc:subfield><marc:subfield code="b">00</marc:subfield><marc:subfield code="a">ABBOT</marc:subfield><marc:subfield code="h">Elizabeth Susan</marc:subfield><marc:subfield code="f">Baroness Colchester</marc:subfield><marc:subfield code="p">1568/1642.</marc:subfield><marc:subfield code="x">0011640227</marc:subfield></marc:datafield></marc:record>