
<marc:record><marc:leader>01209cam a22001693  4500</marc:leader>
<marc:controlfield tag="001">000003632</marc:controlfield>
<marc:controlfield tag="003">Uk</marc:controlfield><marc:controlfield tag="005">20110119132100.0</marc:controlfield><marc:controlfield tag="008">870813|1864|||||||    ||     ||| |||||  </marc:controlfield><marc:datafield tag="040" ind1=" " ind2=" "><marc:subfield code="a">Uk</marc:subfield><marc:subfield code="c">Uk</marc:subfield></marc:datafield><marc:datafield tag="100" ind1="1" ind2=" "><marc:subfield code="a">ABBOT, Ezra,</marc:subfield><marc:subfield code="c">the Younger.</marc:subfield></marc:datafield><marc:datafield tag="245" ind1="1" ind2="0"><marc:subfield code="a">Literature of the Doctrine of a Future Life; or, a catalogue of books relating to the nature, origin and destiny of the soul, etc.</marc:subfield></marc:datafield><marc:datafield tag="580" ind1=" " ind2=" "><marc:subfield code="a">In : Alger (W. R.) A Critical History of the Doctrine of a Future Life, etc. 1864. 8º.</marc:subfield></marc:datafield><marc:datafield tag="700" ind1="1" ind2=" "><marc:subfield code="a">ALGER, William Rounseville.</marc:subfield><marc:subfield code="t">The Destiny of the Soul. A critical history of the doctrine of a future life ... Tenth edition, with six new chapters and a complete bibliography of the subject ... by E. Abbot.</marc:subfield></marc:datafield><marc:datafield tag="775" ind1="0" ind2=" "><marc:subfield code="t">[Literature of the Doctrine of a Future Life; or, a catalogue of books relating to the nature, origin and destiny of the soul, etc.]</marc:subfield><marc:subfield code="d">W. J. Widdleton: New York, 1871. 8º.</marc:subfield><marc:subfield code="w">(Uk)MP1.0000004033.1</marc:subfield></marc:datafield><marc:datafield tag="852" ind1="4" ind2="1"><marc:subfield code="a">British Library</marc:subfield><marc:subfield code="b">HMNTS</marc:subfield><marc:subfield code="j">4378.d.3.</marc:subfield></marc:datafield><marc:datafield tag="886" ind1="2" ind2=" "><marc:subfield code="2">blmarc</marc:subfield><marc:subfield code="a">709</marc:subfield><marc:subfield code="b">00</marc:subfield><marc:subfield code="a">ALGER</marc:subfield><marc:subfield code="h">William Rounseville</marc:subfield><marc:subfield code="t">The Destiny of the Soul. A critical history of the doctrine of a future life ... Tenth edition, with six new chapters and a complete bibliography of the subject ... by E. Abbot.</marc:subfield><marc:subfield code="p">B.B.A.d.12.</marc:subfield><marc:subfield code="x">0052550370</marc:subfield></marc:datafield></marc:record>