
<marc:record><marc:leader>00886cam a22001813  4500</marc:leader>
<marc:controlfield tag="001">000003633</marc:controlfield>
<marc:controlfield tag="003">Uk</marc:controlfield><marc:controlfield tag="005">20120210152800.0</marc:controlfield><marc:controlfield tag="008">870813|1871|||||||    ||     ||| |||||  </marc:controlfield><marc:datafield tag="040" ind1=" " ind2=" "><marc:subfield code="a">Uk</marc:subfield><marc:subfield code="c">Uk</marc:subfield></marc:datafield><marc:datafield tag="100" ind1="1" ind2=" "><marc:subfield code="a">ABBOT, Ezra,</marc:subfield><marc:subfield code="c">the Younger.</marc:subfield></marc:datafield><marc:datafield tag="245" ind1="1" ind2="0"><marc:subfield code="a">[Literature of the Doctrine of a Future Life; or, a catalogue of books relating to the nature, origin and destiny of the soul, etc.]</marc:subfield></marc:datafield><marc:datafield tag="250" ind1=" " ind2=" "><marc:subfield code="a">[Another edition.]</marc:subfield></marc:datafield><marc:datafield tag="260" ind1=" " ind2=" "><marc:subfield code="a">New York :</marc:subfield><marc:subfield code="b">W. J. Widdleton,</marc:subfield><marc:subfield code="c">1871.</marc:subfield></marc:datafield><marc:datafield tag="300" ind1=" " ind2=" "><marc:subfield code="c">8º.</marc:subfield></marc:datafield><marc:datafield tag="500" ind1=" " ind2=" "><marc:subfield code="a">A duplicate of the Appendix, i.e. pp. 679-914, to Alger's “History,” with a new titlepage.</marc:subfield></marc:datafield><marc:datafield tag="787" ind1="0" ind2=" "><marc:subfield code="t">Literature of the Doctrine of a Future Life; or, a catalogue of books relating to the nature, origin and destiny of the soul, etc.</marc:subfield><marc:subfield code="n">In Alger (W. R.) A Critical History of the Doctrine of a Future Life, etc. 1864. 8º.</marc:subfield><marc:subfield code="w">(Uk)MP1.0000004033</marc:subfield></marc:datafield><marc:datafield tag="852" ind1="4" ind2="1"><marc:subfield code="a">British Library</marc:subfield><marc:subfield code="b">HMNTS</marc:subfield><marc:subfield code="j">11898.cc.45.</marc:subfield></marc:datafield></marc:record>