
<marc:record><marc:leader>00547cam a22001693  4500</marc:leader>
<marc:controlfield tag="001">000003636</marc:controlfield>
<marc:controlfield tag="003">Uk</marc:controlfield><marc:controlfield tag="005">20120613105900.0</marc:controlfield><marc:controlfield tag="008">870813|1872|||||||    ||     ||| ||eng  </marc:controlfield><marc:datafield tag="040" ind1=" " ind2=" "><marc:subfield code="a">Uk</marc:subfield><marc:subfield code="c">Uk</marc:subfield></marc:datafield><marc:datafield tag="100" ind1="1" ind2=" "><marc:subfield code="a">Abbot, Francis Ellingwood,</marc:subfield><marc:subfield code="d">1836-1903</marc:subfield></marc:datafield><marc:datafield tag="245" ind1="1" ind2="4"><marc:subfield code="a">The Impeachment of Christianity, etc.</marc:subfield></marc:datafield><marc:datafield tag="260" ind1=" " ind2=" "><marc:subfield code="a">Ramsgate :</marc:subfield><marc:subfield code="b">Thomas Scott,</marc:subfield><marc:subfield code="c">[1872]</marc:subfield></marc:datafield><marc:datafield tag="300" ind1=" " ind2=" "><marc:subfield code="a">12 p. ;</marc:subfield><marc:subfield code="c">8º.</marc:subfield></marc:datafield><marc:datafield tag="700" ind1="1" ind2=" "><marc:subfield code="a">Newman, Francis William,</marc:subfield><marc:subfield code="d">1805-1897.</marc:subfield></marc:datafield><marc:datafield tag="852" ind1="4" ind2="1"><marc:subfield code="a">British Library</marc:subfield><marc:subfield code="b">HMNTS</marc:subfield><marc:subfield code="j">4017.e.8.(7.)</marc:subfield></marc:datafield><marc:datafield tag="886" ind1="2" ind2=" "><marc:subfield code="2">blmarc</marc:subfield><marc:subfield code="a">709</marc:subfield><marc:subfield code="b">00</marc:subfield><marc:subfield code="a">NEWMAN</marc:subfield><marc:subfield code="h">Francis William</marc:subfield><marc:subfield code="p">4017.e.8.(7.)</marc:subfield><marc:subfield code="x">2354130295</marc:subfield></marc:datafield></marc:record>