
<marc:record><marc:leader>00490cam a22001453  4500</marc:leader>
<marc:controlfield tag="001">000003640</marc:controlfield>
<marc:controlfield tag="003">Uk</marc:controlfield><marc:controlfield tag="005">20121206163900.0</marc:controlfield><marc:controlfield tag="008">870813|1872|||||||    ||     ||| ||eng  </marc:controlfield><marc:datafield tag="040" ind1=" " ind2=" "><marc:subfield code="a">Uk</marc:subfield><marc:subfield code="c">Uk</marc:subfield></marc:datafield><marc:datafield tag="100" ind1="1" ind2=" "><marc:subfield code="a">Abbot, Francis Ellingwood,</marc:subfield><marc:subfield code="d">1836-1903</marc:subfield></marc:datafield><marc:datafield tag="245" ind1="1" ind2="4"><marc:subfield code="a">The Proposed Christian Amendment to the United States Constitution. (From The Index of January 6th, 1872.).</marc:subfield></marc:datafield><marc:datafield tag="260" ind1=" " ind2=" "><marc:subfield code="a">Toledo, Ohio :</marc:subfield><marc:subfield code="b">Index Association,</marc:subfield><marc:subfield code="c">1872.</marc:subfield></marc:datafield><marc:datafield tag="300" ind1=" " ind2=" "><marc:subfield code="a">14 p. ;</marc:subfield><marc:subfield code="c">8º.</marc:subfield></marc:datafield><marc:datafield tag="852" ind1="4" ind2="1"><marc:subfield code="a">British Library</marc:subfield><marc:subfield code="b">HMNTS</marc:subfield><marc:subfield code="j">8175.de.34.(3.)</marc:subfield></marc:datafield></marc:record>