
<marc:record><marc:leader>00822cam a22001813  4500</marc:leader>
<marc:controlfield tag="001">000003684</marc:controlfield>
<marc:controlfield tag="003">Uk</marc:controlfield><marc:controlfield tag="005">20110119132100.0</marc:controlfield><marc:controlfield tag="008">971113|1822|||||||    ||     ||| |||||  </marc:controlfield><marc:datafield tag="040" ind1=" " ind2=" "><marc:subfield code="a">Uk</marc:subfield><marc:subfield code="c">Uk</marc:subfield></marc:datafield><marc:datafield tag="100" ind1="1" ind2=" "><marc:subfield code="a">ABBOT, Joel.</marc:subfield></marc:datafield><marc:datafield tag="245" ind1="1" ind2="0"><marc:subfield code="a">Trial of Lieutenant Joel Abbot, by the General Naval Court Martial ... on allegations made against him by Capt. David Porter, Navy Commissioner. Reported by F. W. Waldo ... To which is added an appendix, containing sundry documents in relation to the management of affairs on the Boston station.</marc:subfield></marc:datafield><marc:datafield tag="260" ind1=" " ind2=" "><marc:subfield code="a">pp. 164. 72. Russell &amp; Gardner: Boston, 1822.</marc:subfield></marc:datafield><marc:datafield tag="300" ind1=" " ind2=" "><marc:subfield code="a">8º.</marc:subfield></marc:datafield><marc:datafield tag="700" ind1="1" ind2=" "><marc:subfield code="a">PORTER, David,</marc:subfield><marc:subfield code="c">Commodore, U.S. Navy.</marc:subfield></marc:datafield><marc:datafield tag="700" ind1="1" ind2=" "><marc:subfield code="a">WALDO, Francis W.</marc:subfield></marc:datafield><marc:datafield tag="852" ind1="4" ind2="1"><marc:subfield code="a">British Library</marc:subfield><marc:subfield code="b">HMNTS</marc:subfield><marc:subfield code="j">1246.k.1.</marc:subfield></marc:datafield><marc:datafield tag="886" ind1="2" ind2=" "><marc:subfield code="2">blmarc</marc:subfield><marc:subfield code="a">709</marc:subfield><marc:subfield code="b">00</marc:subfield><marc:subfield code="a">PORTER</marc:subfield><marc:subfield code="h">David</marc:subfield><marc:subfield code="f">Commodore, U.S. Navy</marc:subfield><marc:subfield code="p">1246.k.1.</marc:subfield><marc:subfield code="x">2631790138</marc:subfield></marc:datafield></marc:record>