
<marc:record><marc:leader>00605cam a22001453  4500</marc:leader>
<marc:controlfield tag="001">000003689</marc:controlfield>
<marc:controlfield tag="003">Uk</marc:controlfield><marc:controlfield tag="005">20110119132100.0</marc:controlfield><marc:controlfield tag="008">980825|1833|||||||    ||     ||| |||||  </marc:controlfield><marc:datafield tag="040" ind1=" " ind2=" "><marc:subfield code="a">Uk</marc:subfield><marc:subfield code="c">Uk</marc:subfield></marc:datafield><marc:datafield tag="100" ind1="1" ind2=" "><marc:subfield code="a">WARE, Henry,</marc:subfield><marc:subfield code="c">Professor at Harvard University, the Younger.</marc:subfield></marc:datafield><marc:datafield tag="245" ind1="1" ind2="0"><marc:subfield code="a">Biography of Abbot. [Abridged from Henry Ware's “Sketch of the Life and Character of the Rev. John Emery Abbot.” With a portrait.]</marc:subfield></marc:datafield><marc:datafield tag="580" ind1=" " ind2=" "><marc:subfield code="a">In: Buckminster (Joseph S.) Biography of J. S. Buckminster, S. C. Thacher and J. E. Abbot, etc. 1833. 12º.</marc:subfield></marc:datafield><marc:datafield tag="700" ind1="1" ind2=" "><marc:subfield code="a">ABBOT, John Emery.</marc:subfield></marc:datafield><marc:datafield tag="852" ind1="4" ind2="1"><marc:subfield code="a">British Library</marc:subfield><marc:subfield code="b">HMNTS</marc:subfield><marc:subfield code="j">4986.b.26.</marc:subfield></marc:datafield></marc:record>