
<marc:record><marc:leader>01278cam a22002053  4500</marc:leader>
<marc:controlfield tag="001">000003775</marc:controlfield>
<marc:controlfield tag="003">Uk</marc:controlfield><marc:controlfield tag="005">20110119132100.0</marc:controlfield><marc:controlfield tag="008">870813|1892|||||||    ||     ||| ||eng  </marc:controlfield><marc:datafield tag="040" ind1=" " ind2=" "><marc:subfield code="a">Uk</marc:subfield><marc:subfield code="c">Uk</marc:subfield></marc:datafield><marc:datafield tag="100" ind1="1" ind2=" "><marc:subfield code="a">ABBOTT, Alexander Crever.</marc:subfield></marc:datafield><marc:datafield tag="245" ind1="1" ind2="4"><marc:subfield code="a">The Principles of Bacteriology: a practical manual ... With illustrations.</marc:subfield></marc:datafield><marc:datafield tag="260" ind1=" " ind2=" "><marc:subfield code="a">pp. viii. 263. H. K. Lewis: London; printed in America, 1892.</marc:subfield></marc:datafield><marc:datafield tag="300" ind1=" " ind2=" "><marc:subfield code="a">12º.</marc:subfield></marc:datafield><marc:datafield tag="775" ind1="0" ind2=" "><marc:subfield code="t">[The Principles of Bacteriology: a practical manual ... With illustrations.]</marc:subfield><marc:subfield code="d">pp. 493. H. K. Lewis: London; printed in America, 1896. 8º.</marc:subfield><marc:subfield code="w">(Uk)MP1.0000004171.1</marc:subfield></marc:datafield><marc:datafield tag="775" ind1="0" ind2=" "><marc:subfield code="t">[The Principles of Bacteriology: a practical manual ... With illustrations.]</marc:subfield><marc:subfield code="d">pp. 543. H. K. Lewis: London; printed in America, 1897. 8º.</marc:subfield><marc:subfield code="w">(Uk)MP1.0000004171.2</marc:subfield></marc:datafield><marc:datafield tag="775" ind1="0" ind2=" "><marc:subfield code="t">[The Principles of Bacteriology: a practical manual ... With illustrations.]</marc:subfield><marc:subfield code="d">pp. 590. H. K. Lewis: London, 1899. 8º.</marc:subfield><marc:subfield code="w">(Uk)MP1.0000004171.3</marc:subfield></marc:datafield><marc:datafield tag="775" ind1="0" ind2=" "><marc:subfield code="t">[The Principles of Bacteriology: a practical manual ... With illustrations.]</marc:subfield><marc:subfield code="d">pp. 641. H. K. Lewis: London, [1902.] 8º.</marc:subfield><marc:subfield code="w">(Uk)MP1.0000004171.4</marc:subfield></marc:datafield><marc:datafield tag="775" ind1="0" ind2=" "><marc:subfield code="t">[The Principles of Bacteriology: a practical manual ... With illustrations.]</marc:subfield><marc:subfield code="d">pp. 689. H. K. Lewis: London, 1906. 8º.</marc:subfield><marc:subfield code="w">(Uk)MP1.0000004171.5</marc:subfield></marc:datafield><marc:datafield tag="852" ind1="4" ind2="1"><marc:subfield code="a">British Library</marc:subfield><marc:subfield code="b">HMNTS</marc:subfield><marc:subfield code="j">7561.d.5.</marc:subfield></marc:datafield></marc:record>