
<marc:record><marc:leader>00760cam a22001933  4500</marc:leader>
<marc:controlfield tag="001">000003791</marc:controlfield>
<marc:controlfield tag="003">Uk</marc:controlfield><marc:controlfield tag="005">20130503191800.0</marc:controlfield><marc:controlfield tag="008">870813|1899||||enk    ||     ||| |||||  </marc:controlfield><marc:datafield tag="040" ind1=" " ind2=" "><marc:subfield code="a">Uk</marc:subfield><marc:subfield code="c">Uk</marc:subfield></marc:datafield><marc:datafield tag="100" ind1="1" ind2=" "><marc:subfield code="a">ABBOTT, Arthur,</marc:subfield><marc:subfield code="c">M.A., Oxon., and KEY (Arthur) M.A., Oxon.</marc:subfield></marc:datafield><marc:datafield tag="245" ind1="1" ind2="0"><marc:subfield code="a">Progressive Lessons in Science ... With introduction by T. G. Rooper.</marc:subfield></marc:datafield><marc:datafield tag="260" ind1=" " ind2=" "><marc:subfield code="a">London :</marc:subfield><marc:subfield code="b">Blackie &amp; Son,</marc:subfield><marc:subfield code="c">1899.</marc:subfield></marc:datafield><marc:datafield tag="300" ind1=" " ind2=" "><marc:subfield code="a">xi, 320 p. ;</marc:subfield><marc:subfield code="c">8º.</marc:subfield></marc:datafield><marc:datafield tag="700" ind1="1" ind2=" "><marc:subfield code="a">KEY, Arthur,</marc:subfield><marc:subfield code="c">M.A., of Wadliam College, Oxford.</marc:subfield></marc:datafield><marc:datafield tag="700" ind1="1" ind2=" "><marc:subfield code="a">ROOPER, Thomas Godolphin.</marc:subfield></marc:datafield><marc:datafield tag="852" ind1="4" ind2="1"><marc:subfield code="a">British Library</marc:subfield><marc:subfield code="b">HMNTS</marc:subfield><marc:subfield code="j">08708.aaa.7.</marc:subfield></marc:datafield><marc:datafield tag="886" ind1="2" ind2=" "><marc:subfield code="2">blmarc</marc:subfield><marc:subfield code="a">709</marc:subfield><marc:subfield code="b">00</marc:subfield><marc:subfield code="a">KEY</marc:subfield><marc:subfield code="h">Arthur</marc:subfield><marc:subfield code="f">M.A., of Wadliam College, Oxford</marc:subfield><marc:subfield code="p">08708.aaa.7.</marc:subfield><marc:subfield code="x">1733620133</marc:subfield></marc:datafield><marc:datafield tag="886" ind1="2" ind2=" "><marc:subfield code="2">blmarc</marc:subfield><marc:subfield code="a">709</marc:subfield><marc:subfield code="b">00</marc:subfield><marc:subfield code="a">ROOPER</marc:subfield><marc:subfield code="h">Thomas Godolphin</marc:subfield><marc:subfield code="p">08708.aaa.7.</marc:subfield><marc:subfield code="x">2810580316</marc:subfield></marc:datafield></marc:record>