
<marc:record><marc:leader>00541cam a22001453  4500</marc:leader>
<marc:controlfield tag="001">000003817</marc:controlfield>
<marc:controlfield tag="003">Uk</marc:controlfield><marc:controlfield tag="005">20111003140456.0</marc:controlfield><marc:controlfield tag="008">870813|1877|||||||    ||     ||| |||||  </marc:controlfield><marc:datafield tag="040" ind1=" " ind2=" "><marc:subfield code="a">Uk</marc:subfield><marc:subfield code="c">Uk</marc:subfield></marc:datafield><marc:datafield tag="100" ind1="1" ind2=" "><marc:subfield code="a">Abbott, Austin,</marc:subfield><marc:subfield code="d">1831-1896.</marc:subfield></marc:datafield><marc:datafield tag="245" ind1="1" ind2="0"><marc:subfield code="a">New Cases selected chiefly from decisions of the Courts of the State of New York. With notes ... With an analytical index to ... the standard reports of New York, etc.</marc:subfield></marc:datafield><marc:datafield tag="260" ind1=" " ind2=" "><marc:subfield code="a">14 vol. Ward &amp; Peloubet; G. S. Diossy: New-York, 1877-84.</marc:subfield></marc:datafield><marc:datafield tag="300" ind1=" " ind2=" "><marc:subfield code="a">8º.</marc:subfield></marc:datafield><marc:datafield tag="852" ind1="4" ind2="1"><marc:subfield code="a">British Library</marc:subfield><marc:subfield code="b">HMNTS</marc:subfield><marc:subfield code="j">6625.p.2.</marc:subfield></marc:datafield></marc:record>