
<marc:record><marc:leader>00702cam a22001693  4500</marc:leader>
<marc:controlfield tag="001">000003825</marc:controlfield>
<marc:controlfield tag="003">Uk</marc:controlfield><marc:controlfield tag="005">20120224170000.0</marc:controlfield><marc:controlfield tag="008">870813|1871|||||||    ||     ||| |||||  </marc:controlfield><marc:datafield tag="040" ind1=" " ind2=" "><marc:subfield code="a">Uk</marc:subfield><marc:subfield code="c">Uk</marc:subfield></marc:datafield><marc:datafield tag="100" ind1="1" ind2=" "><marc:subfield code="a">ABBOTT, Benjamin Vaughan.</marc:subfield></marc:datafield><marc:datafield tag="245" ind1="1" ind2="2"><marc:subfield code="a">A Treatise upon the United States Courts, and their practice ... Second edition, revised, etc.</marc:subfield></marc:datafield><marc:datafield tag="260" ind1=" " ind2=" "><marc:subfield code="a">New York :</marc:subfield><marc:subfield code="b">Diossy &amp; Co.,</marc:subfield><marc:subfield code="c">1871.</marc:subfield></marc:datafield><marc:datafield tag="300" ind1=" " ind2=" "><marc:subfield code="a">2 vol. ;</marc:subfield><marc:subfield code="c">8º.</marc:subfield></marc:datafield><marc:datafield tag="500" ind1=" " ind2=" "><marc:subfield code="a">For the first edition, see Abbott (B. V.) and (A.)</marc:subfield></marc:datafield><marc:datafield tag="775" ind1="0" ind2=" "><marc:subfield code="t">[A Treatise upon the United States Courts, and their practice ... Second edition, revised, etc.]</marc:subfield><marc:subfield code="d">2 vol. Ward &amp; Peloubet: New York, 1877. 8º.</marc:subfield><marc:subfield code="w">(Uk)MP1.0000004219.1</marc:subfield></marc:datafield><marc:datafield tag="852" ind1="4" ind2="1"><marc:subfield code="a">British Library</marc:subfield><marc:subfield code="b">HMNTS</marc:subfield><marc:subfield code="j">D-6615.df.2.</marc:subfield></marc:datafield></marc:record>