
<marc:record><marc:leader>01194cam a22001813  4500</marc:leader>
<marc:controlfield tag="001">000003830</marc:controlfield>
<marc:controlfield tag="003">Uk</marc:controlfield><marc:controlfield tag="005">20111003140149.0</marc:controlfield><marc:controlfield tag="008">870813|1870|||||||    ||     ||| |||||  </marc:controlfield><marc:datafield tag="040" ind1=" " ind2=" "><marc:subfield code="a">Uk</marc:subfield><marc:subfield code="c">Uk</marc:subfield></marc:datafield><marc:datafield tag="100" ind1="1" ind2=" "><marc:subfield code="a">Abbott, Benjamin Vaughan,</marc:subfield><marc:subfield code="d">1830-1890.</marc:subfield></marc:datafield><marc:datafield tag="245" ind1="1" ind2="3"><marc:subfield code="a">[A Collection of Forms of Practice and Pleading in actions, whether for legal or equitable relief, and in special proceedings; prepared with reference to the Code of Procedure of the State of New York, and adapted to the present practice in the States of Ohio, Indiana, Iowa, Wisconsin ... With copious notes and authorities.]</marc:subfield></marc:datafield><marc:datafield tag="250" ind1=" " ind2=" "><marc:subfield code="a">[Another edition.]</marc:subfield></marc:datafield><marc:datafield tag="260" ind1=" " ind2=" "><marc:subfield code="a">New York :</marc:subfield><marc:subfield code="b">Baker, Voorhis &amp; Co.,</marc:subfield><marc:subfield code="c">1870.</marc:subfield></marc:datafield><marc:datafield tag="300" ind1=" " ind2=" "><marc:subfield code="a">2 vol. ;</marc:subfield><marc:subfield code="c">8º.</marc:subfield></marc:datafield><marc:datafield tag="700" ind1="1" ind2=" "><marc:subfield code="a">Abbott, Austin,</marc:subfield><marc:subfield code="d">1831-1896.</marc:subfield></marc:datafield><marc:datafield tag="787" ind1="0" ind2=" "><marc:subfield code="t">A Collection of Forms of Practice and Pleading in actions, whether for legal or equitable relief, and in special proceedings; prepared with reference to the Code of Procedure of the State of New York, and adapted to the present practice in the States of Ohio, Indiana, Iowa, Wisconsin ... With copious notes and authorities.</marc:subfield><marc:subfield code="w">(Uk)MP1.0000004222</marc:subfield><marc:subfield code="d">2 vol. Baker, Voorhis &amp; Co.: New York, 1864. 8º.</marc:subfield></marc:datafield><marc:datafield tag="852" ind1="4" ind2="1"><marc:subfield code="a">British Library</marc:subfield><marc:subfield code="b">HMNTS</marc:subfield><marc:subfield code="j">6736.h.3.</marc:subfield></marc:datafield></marc:record>