
<marc:record><marc:leader>00870cam a22001813  4500</marc:leader>
<marc:controlfield tag="001">000003834</marc:controlfield>
<marc:controlfield tag="003">Uk</marc:controlfield><marc:controlfield tag="005">20111003140201.0</marc:controlfield><marc:controlfield tag="008">870813|1873|||||||    ||     ||| |||||  </marc:controlfield><marc:datafield tag="040" ind1=" " ind2=" "><marc:subfield code="a">Uk</marc:subfield><marc:subfield code="c">Uk</marc:subfield></marc:datafield><marc:datafield tag="100" ind1="1" ind2=" "><marc:subfield code="a">Abbott, Benjamin Vaughan,</marc:subfield><marc:subfield code="d">1830-1890.</marc:subfield></marc:datafield><marc:datafield tag="245" ind1="1" ind2="3"><marc:subfield code="a">[A Digest of New York Statutes and Reports from the earliest period to the year 1860 (January 1860 to July 1863) ... Fourth edition, etc.]</marc:subfield></marc:datafield><marc:datafield tag="250" ind1=" " ind2=" "><marc:subfield code="a">New edition, complete to the year 1873. (Supplement. From January, 1873 to July, 1882. By A. Abbott.).</marc:subfield></marc:datafield><marc:datafield tag="260" ind1=" " ind2=" "><marc:subfield code="a">New York,</marc:subfield><marc:subfield code="c">1873-83.</marc:subfield></marc:datafield><marc:datafield tag="300" ind1=" " ind2=" "><marc:subfield code="a">8 vol. ;</marc:subfield><marc:subfield code="c">8º.</marc:subfield></marc:datafield><marc:datafield tag="700" ind1="1" ind2=" "><marc:subfield code="a">Abbott, Austin,</marc:subfield><marc:subfield code="d">1831-1896.</marc:subfield></marc:datafield><marc:datafield tag="787" ind1="0" ind2=" "><marc:subfield code="t">A Digest of New York Statutes and Reports from the earliest period to the year 1860 (January 1860 to July 1863) ... Fourth edition, etc.</marc:subfield><marc:subfield code="w">(Uk)MP1.0000004223</marc:subfield><marc:subfield code="d">6 vol. New York, 1865, 66, 63. 8º.</marc:subfield></marc:datafield><marc:datafield tag="852" ind1="4" ind2="1"><marc:subfield code="a">British Library</marc:subfield><marc:subfield code="b">HMNTS</marc:subfield><marc:subfield code="j">D-6736.dd.1.</marc:subfield></marc:datafield></marc:record>