
<marc:record><marc:leader>00692cam a22001693  4500</marc:leader>
<marc:controlfield tag="001">000003835</marc:controlfield>
<marc:controlfield tag="003">Uk</marc:controlfield><marc:controlfield tag="005">20111003140115.0</marc:controlfield><marc:controlfield tag="008">870813|1867|||||||    ||     ||| |||||  </marc:controlfield><marc:datafield tag="040" ind1=" " ind2=" "><marc:subfield code="a">Uk</marc:subfield><marc:subfield code="c">Uk</marc:subfield></marc:datafield><marc:datafield tag="100" ind1="1" ind2=" "><marc:subfield code="a">Abbott, Benjamin Vaughan,</marc:subfield><marc:subfield code="d">1830-1890.</marc:subfield></marc:datafield><marc:datafield tag="245" ind1="1" ind2="2"><marc:subfield code="a">A Digest of the Reports of the United States Courts, and of the Acts of Congress, from the organization of the government to the year 1867 (to July, 1868; from July, 1868, to May, 1872; from May, 1872, to November, 1874). vol. 1-6.</marc:subfield></marc:datafield><marc:datafield tag="260" ind1=" " ind2=" "><marc:subfield code="a">New York :</marc:subfield><marc:subfield code="b">Diossy &amp; Cockroft,</marc:subfield><marc:subfield code="c">1867-74.</marc:subfield></marc:datafield><marc:datafield tag="300" ind1=" " ind2=" "><marc:subfield code="c">8º.</marc:subfield></marc:datafield><marc:datafield tag="500" ind1=" " ind2=" "><marc:subfield code="a">Imperfect; wanting vol. 7, 8.</marc:subfield></marc:datafield><marc:datafield tag="700" ind1="1" ind2=" "><marc:subfield code="a">Abbott, Austin,</marc:subfield><marc:subfield code="d">1831-1896.</marc:subfield></marc:datafield><marc:datafield tag="852" ind1="4" ind2="1"><marc:subfield code="a">British Library</marc:subfield><marc:subfield code="b">HMNTS</marc:subfield><marc:subfield code="j">D-06617.i.14.</marc:subfield></marc:datafield></marc:record>