
<marc:record><marc:leader>00587cam a22001573  4500</marc:leader>
<marc:controlfield tag="001">000003836</marc:controlfield>
<marc:controlfield tag="003">Uk</marc:controlfield><marc:controlfield tag="005">20111003140127.0</marc:controlfield><marc:controlfield tag="008">870813s1869    |||    ||     ||| |||||  </marc:controlfield><marc:datafield tag="040" ind1=" " ind2=" "><marc:subfield code="a">Uk</marc:subfield><marc:subfield code="c">Uk</marc:subfield></marc:datafield><marc:datafield tag="100" ind1="1" ind2=" "><marc:subfield code="a">Abbott, Benjamin Vaughan,</marc:subfield><marc:subfield code="d">1830-1890.</marc:subfield></marc:datafield><marc:datafield tag="245" ind1="1" ind2="2"><marc:subfield code="a">A General Digest of the Law of Corporations: presenting the American adjudications upon ... Corporations of every kind. With a full selection of English cases.</marc:subfield></marc:datafield><marc:datafield tag="260" ind1=" " ind2=" "><marc:subfield code="a">New York :</marc:subfield><marc:subfield code="b">Baker, Voorhis &amp; Co.,</marc:subfield><marc:subfield code="c">1869.</marc:subfield></marc:datafield><marc:datafield tag="300" ind1=" " ind2=" "><marc:subfield code="a">pp. vi. 1004 ;</marc:subfield><marc:subfield code="c">8º.</marc:subfield></marc:datafield><marc:datafield tag="700" ind1="1" ind2=" "><marc:subfield code="a">Abbott, Austin,</marc:subfield><marc:subfield code="d">1831-1896.</marc:subfield></marc:datafield><marc:datafield tag="852" ind1="4" ind2="1"><marc:subfield code="a">British Library</marc:subfield><marc:subfield code="b">HMNTS</marc:subfield><marc:subfield code="j">6625.dd.1.</marc:subfield></marc:datafield></marc:record>