
<marc:record><marc:leader>02658cam a22003133  4500</marc:leader>
<marc:controlfield tag="001">000003853</marc:controlfield>
<marc:controlfield tag="003">Uk</marc:controlfield><marc:controlfield tag="005">20110119132100.0</marc:controlfield><marc:controlfield tag="008">990325|1802|||||||    ||     ||| |||||  </marc:controlfield><marc:datafield tag="040" ind1=" " ind2=" "><marc:subfield code="a">Uk</marc:subfield><marc:subfield code="c">Uk</marc:subfield></marc:datafield><marc:datafield tag="100" ind1="1" ind2=" "><marc:subfield code="a">ABBOTT, Charles,</marc:subfield><marc:subfield code="c">Baron Tenterden.</marc:subfield></marc:datafield><marc:datafield tag="245" ind1="1" ind2="2"><marc:subfield code="a">A Treatise of the Law relative to Merchant Ships and Seamen.</marc:subfield></marc:datafield><marc:datafield tag="260" ind1=" " ind2=" "><marc:subfield code="a">pp. xxvii. 418. E. &amp; R. Brooke, etc.: London, 1802.</marc:subfield></marc:datafield><marc:datafield tag="300" ind1=" " ind2=" "><marc:subfield code="a">8º.</marc:subfield></marc:datafield><marc:datafield tag="700" ind1="1" ind2=" "><marc:subfield code="a">STORY, Joseph,</marc:subfield><marc:subfield code="c">One of the Justices of the Supreme Court of the United States.</marc:subfield></marc:datafield><marc:datafield tag="775" ind1="0" ind2=" "><marc:subfield code="t">[A Treatise of the Law relative to Merchant Ships and Seamen.]</marc:subfield><marc:subfield code="d">London: printed for Brooke and Clarke ...; and J. Butterworth ..., 1804. pp. xxxi, 463. 8º.</marc:subfield><marc:subfield code="w">(Uk)MP1.0000004244.1</marc:subfield></marc:datafield><marc:datafield tag="775" ind1="0" ind2=" "><marc:subfield code="t">[A Treatise of the Law relative to Merchant Ships and Seamen.]</marc:subfield><marc:subfield code="d">pp. xxxv. 586. W. Reed and J. Butterworth: London, 1808. 8º.</marc:subfield><marc:subfield code="w">(Uk)MP1.0000004244.2</marc:subfield></marc:datafield><marc:datafield tag="775" ind1="0" ind2=" "><marc:subfield code="t">[A Treatise of the Law relative to Merchant Ships and Seamen.]</marc:subfield><marc:subfield code="d">pp. xxxv. 693. J. Butterworth &amp; Son: London, 1827. 8º.</marc:subfield><marc:subfield code="w">(Uk)MP1.0000004244.3</marc:subfield></marc:datafield><marc:datafield tag="775" ind1="0" ind2=" "><marc:subfield code="t">[A Treatise of the Law relative to Merchant Ships and Seamen.]</marc:subfield><marc:subfield code="d">pp. xxxvi. 830. Saunders &amp; Benning: London, 1840. 8º.</marc:subfield><marc:subfield code="w">(Uk)MP1.0000004244.4</marc:subfield></marc:datafield><marc:datafield tag="775" ind1="0" ind2=" "><marc:subfield code="t">[A Treatise of the Law relative to Merchant Ships and Seamen.]</marc:subfield><marc:subfield code="d">pp. lii. 664, cxcviii. 48. Saunders &amp; Benning: London, 1844. 8º.</marc:subfield><marc:subfield code="w">(Uk)MP1.0000004244.5</marc:subfield></marc:datafield><marc:datafield tag="775" ind1="0" ind2=" "><marc:subfield code="t">[A Treatise of the Law relative to Merchant Ships and Seamen.]</marc:subfield><marc:subfield code="d">pp. lii. 664, cxcviii. 43. W. Benning &amp; Co.: London, 1847. 8º.</marc:subfield><marc:subfield code="w">(Uk)MP1.0000004244.6</marc:subfield></marc:datafield><marc:datafield tag="775" ind1="0" ind2=" "><marc:subfield code="t">[A Treatise of the Law relative to Merchant Ships and Seamen.]</marc:subfield><marc:subfield code="d">Charles C. Little &amp; James Brown: Boston, 1850. pp. lxii. 1008. 8º.</marc:subfield><marc:subfield code="w">(Uk)MP1.0000004244.7</marc:subfield></marc:datafield><marc:datafield tag="775" ind1="0" ind2=" "><marc:subfield code="t">[A Treatise of the Law relative to Merchant Ships and Seamen.]</marc:subfield><marc:subfield code="d">pp. liv. 557. ccclix. W. G. Benning &amp; Co.: London, 1854. 8º.</marc:subfield><marc:subfield code="w">(Uk)MP1.0000004244.8</marc:subfield></marc:datafield><marc:datafield tag="775" ind1="0" ind2=" "><marc:subfield code="t">[A Treatise of the Law relative to Merchant Ships and Seamen.]</marc:subfield><marc:subfield code="d">pp. iiiii 544, ccclxxxii. Shaw &amp; Sons: London, 1856. 8º.</marc:subfield><marc:subfield code="w">(Uk)MP1.0000004244.9</marc:subfield></marc:datafield><marc:datafield tag="775" ind1="0" ind2=" "><marc:subfield code="t">[A Treatise of the Law relative to Merchant Ships and Seamen.]</marc:subfield><marc:subfield code="d">pp. liii. 638, cccclxxiii. Shaw &amp; Sons: London, 1867. 8º.</marc:subfield><marc:subfield code="w">(Uk)MP1.0000004244.10</marc:subfield></marc:datafield><marc:datafield tag="775" ind1="0" ind2=" "><marc:subfield code="t">[A Treatise of the Law relative to Merchant Ships and Seamen.]</marc:subfield><marc:subfield code="d">pp. liii. 987. Shaw &amp; Sons: London, 1881 [1880]. 8º.</marc:subfield><marc:subfield code="w">(Uk)MP1.0000004244.11</marc:subfield></marc:datafield><marc:datafield tag="775" ind1="0" ind2=" "><marc:subfield code="t">[A Treatise of the Law relative to Merchant Ships and Seamen.]</marc:subfield><marc:subfield code="d">pp. lxxxvii. 1259. Shaw &amp; Sons: London, 1892. 8º.</marc:subfield><marc:subfield code="w">(Uk)MP1.0000004244.12</marc:subfield></marc:datafield><marc:datafield tag="775" ind1="0" ind2=" "><marc:subfield code="t">[A Treatise of the Law relative to Merchant Ships and Seamen.]</marc:subfield><marc:subfield code="d">pp. cii. 1356. 87. Shaw &amp; Sons: London, 1901. 8º.</marc:subfield><marc:subfield code="w">(Uk)MP1.0000004244.13</marc:subfield></marc:datafield><marc:datafield tag="852" ind1="4" ind2="1"><marc:subfield code="a">British Library</marc:subfield><marc:subfield code="b">HMNTS</marc:subfield><marc:subfield code="j">515.c.1.</marc:subfield></marc:datafield></marc:record>