
<marc:record><marc:leader>00931cam a22001933  4500</marc:leader>
<marc:controlfield tag="001">000003864</marc:controlfield>
<marc:controlfield tag="003">Uk</marc:controlfield><marc:controlfield tag="005">20130523175500.0</marc:controlfield><marc:controlfield tag="008">990325|1850||||xxu    ||     ||| |||||  </marc:controlfield><marc:datafield tag="040" ind1=" " ind2=" "><marc:subfield code="a">Uk</marc:subfield><marc:subfield code="c">Uk</marc:subfield></marc:datafield><marc:datafield tag="100" ind1="1" ind2=" "><marc:subfield code="a">ABBOTT, Charles,</marc:subfield><marc:subfield code="c">Baron Tenterden.</marc:subfield></marc:datafield><marc:datafield tag="245" ind1="1" ind2="3"><marc:subfield code="a">[A Treatise of the Law relative to Merchant Ships and Seamen.]</marc:subfield></marc:datafield><marc:datafield tag="250" ind1=" " ind2=" "><marc:subfield code="a">The eighth edition by W. Shee ... The sixth American edition with the notes of Mr. Justice Story, and additional annotations by J. C. Perkins.</marc:subfield></marc:datafield><marc:datafield tag="260" ind1=" " ind2=" "><marc:subfield code="a">Boston :</marc:subfield><marc:subfield code="b">Charles C. Little &amp; James Brown,</marc:subfield><marc:subfield code="c">1850.</marc:subfield></marc:datafield><marc:datafield tag="300" ind1=" " ind2=" "><marc:subfield code="a">lxii, 1008 p. ;</marc:subfield><marc:subfield code="c">8º.</marc:subfield></marc:datafield><marc:datafield tag="500" ind1=" " ind2=" "><marc:subfield code="a">Microfilm. Made from a copy in the New York Public Library.</marc:subfield></marc:datafield><marc:datafield tag="787" ind1="0" ind2=" "><marc:subfield code="t">A Treatise of the Law relative to Merchant Ships and Seamen.</marc:subfield><marc:subfield code="d">pp. xxvii. 418. E. &amp; R. Brooke, etc.: London, 1802. 8º.</marc:subfield><marc:subfield code="w">(Uk)MP1.0000004244</marc:subfield></marc:datafield><marc:datafield tag="852" ind1="4" ind2="1"><marc:subfield code="a">British Library</marc:subfield><marc:subfield code="b">HMNTS</marc:subfield><marc:subfield code="j">Mic.A.7737.(2.)</marc:subfield></marc:datafield><marc:datafield tag="852" ind1="4" ind2="1"><marc:subfield code="a">British Library</marc:subfield><marc:subfield code="b">HMNTS</marc:subfield><marc:subfield code="j">D-6835.e.5.</marc:subfield><marc:subfield code="3">Superseded by Mic.A.7737.(2.)</marc:subfield></marc:datafield></marc:record>