
<marc:record><marc:leader>00955cam a22002053  4500</marc:leader>
<marc:controlfield tag="001">000003865</marc:controlfield>
<marc:controlfield tag="003">Uk</marc:controlfield><marc:controlfield tag="005">20120203162600.0</marc:controlfield><marc:controlfield tag="008">990325|1854|||||||    ||     ||| |||||  </marc:controlfield><marc:datafield tag="040" ind1=" " ind2=" "><marc:subfield code="a">Uk</marc:subfield><marc:subfield code="c">Uk</marc:subfield></marc:datafield><marc:datafield tag="100" ind1="1" ind2=" "><marc:subfield code="a">ABBOTT, Charles,</marc:subfield><marc:subfield code="c">Baron Tenterden.</marc:subfield></marc:datafield><marc:datafield tag="245" ind1="1" ind2="3"><marc:subfield code="a">[A Treatise of the Law relative to Merchant Ships and Seamen.]</marc:subfield></marc:datafield><marc:datafield tag="250" ind1=" " ind2=" "><marc:subfield code="a">The ninth edition. By W. Shee.</marc:subfield></marc:datafield><marc:datafield tag="260" ind1=" " ind2=" "><marc:subfield code="a">London :</marc:subfield><marc:subfield code="b">W. G. Benning &amp; Co.,</marc:subfield><marc:subfield code="c">1854.</marc:subfield></marc:datafield><marc:datafield tag="300" ind1=" " ind2=" "><marc:subfield code="a">liv, 557, ccclix p. ;</marc:subfield><marc:subfield code="c">8º.</marc:subfield></marc:datafield><marc:datafield tag="500" ind1=" " ind2=" "><marc:subfield code="a">Microfilm: Made from a copy in the Bodleian Library.</marc:subfield></marc:datafield><marc:datafield tag="700" ind1="1" ind2=" "><marc:subfield code="a">SHEE, William,</marc:subfield><marc:subfield code="c">Sir,</marc:subfield><marc:subfield code="c">One of the Justices of the Court of Queen's Bench.</marc:subfield></marc:datafield><marc:datafield tag="787" ind1="0" ind2=" "><marc:subfield code="t">A Treatise of the Law relative to Merchant Ships and Seamen.</marc:subfield><marc:subfield code="d">pp. xxvii. 418. E. &amp; R. Brooke, etc.: London, 1802. 8º.</marc:subfield><marc:subfield code="w">(Uk)MP1.0000004244</marc:subfield></marc:datafield><marc:datafield tag="852" ind1="4" ind2="1"><marc:subfield code="a">British Library</marc:subfield><marc:subfield code="b">HMNTS</marc:subfield><marc:subfield code="j">Mic.A.6549.(1.)</marc:subfield></marc:datafield><marc:datafield tag="886" ind1="2" ind2=" "><marc:subfield code="2">blmarc</marc:subfield><marc:subfield code="a">709</marc:subfield><marc:subfield code="b">00</marc:subfield><marc:subfield code="a">SHEE</marc:subfield><marc:subfield code="e">Sir</marc:subfield><marc:subfield code="h">William</marc:subfield><marc:subfield code="f">One of the Justices of the Court of Queen's Bench</marc:subfield><marc:subfield code="p">Mic.A.6549.(1.)</marc:subfield><marc:subfield code="p">1379.k.4.</marc:subfield><marc:subfield code="x">3003100106</marc:subfield></marc:datafield></marc:record>