
<marc:record><marc:leader>01127cam a2200205   4500</marc:leader>
<marc:controlfield tag="001">000003867</marc:controlfield>
<marc:controlfield tag="003">Uk</marc:controlfield><marc:controlfield tag="005">20060620164659.0</marc:controlfield><marc:controlfield tag="008">870813s1819    enk      l    001 0|por  </marc:controlfield><marc:datafield tag="040" ind1=" " ind2=" "><marc:subfield code="a">Uk</marc:subfield><marc:subfield code="c">Uk</marc:subfield></marc:datafield><marc:datafield tag="100" ind1="1" ind2=" "><marc:subfield code="a">Abbott, Charles,</marc:subfield><marc:subfield code="c">Baron Tenterden,</marc:subfield><marc:subfield code="d">1762-1832</marc:subfield></marc:datafield><marc:datafield tag="245" ind1="1" ind2="0"><marc:subfield code="a">Tratado sobre as leys relativas a navios mercantes, e marinheiros:</marc:subfield><marc:subfield code="b">em quatro partes; I. Dos donos de navios mercantes; II. Das pessoas empregadas na navegaçaõ delles; III. Da conducçaõ de Fazendas; IV. Das soldadas de marinheiros de navios mercantes.</marc:subfield><marc:subfield code="c">Por Sir Charles Abbott ...</marc:subfield></marc:datafield><marc:datafield tag="250" ind1=" " ind2=" "><marc:subfield code="a">Traduzido da quarta ediçaõ.</marc:subfield></marc:datafield><marc:datafield tag="260" ind1=" " ind2=" "><marc:subfield code="a">Liverpool :</marc:subfield><marc:subfield code="b">Vendido por W. Robinson &amp; Filhos,</marc:subfield><marc:subfield code="c">1819</marc:subfield><marc:subfield code="f">(Impresso por F. B. Wright)</marc:subfield></marc:datafield><marc:datafield tag="300" ind1=" " ind2=" "><marc:subfield code="a">xxxix, 510 p. ;</marc:subfield><marc:subfield code="c">24 cm. (8º)</marc:subfield></marc:datafield><marc:datafield tag="500" ind1=" " ind2=" "><marc:subfield code="a">Printer's name from colophon.</marc:subfield></marc:datafield><marc:datafield tag="500" ind1=" " ind2=" "><marc:subfield code="a">First edition in Portuguese of a work originally published in 1802, covering all aspects of naval law, and with references to the Companhia das Indias, the West Indies, pirates and slaves.</marc:subfield></marc:datafield><marc:datafield tag="650" ind1=" " ind2="0"><marc:subfield code="a">Maritime law</marc:subfield><marc:subfield code="z">Great Britain</marc:subfield></marc:datafield><marc:datafield tag="852" ind1="4" ind2="1"><marc:subfield code="a">British Library</marc:subfield><marc:subfield code="b">HMNTS</marc:subfield><marc:subfield code="j">D-6835.bb.2.</marc:subfield></marc:datafield><marc:datafield tag="852" ind1="4" ind2="1"><marc:subfield code="a">British Library</marc:subfield><marc:subfield code="b">HMNTS</marc:subfield><marc:subfield code="j">RB.23.b.5355</marc:subfield></marc:datafield></marc:record>