
<marc:record><marc:leader>00510cam a22001453  4500</marc:leader>
<marc:controlfield tag="001">000003879</marc:controlfield>
<marc:controlfield tag="003">Uk</marc:controlfield><marc:controlfield tag="005">20130815190400.0</marc:controlfield><marc:controlfield tag="008">870813|1881|||||||    ||     ||| |||||  </marc:controlfield><marc:datafield tag="040" ind1=" " ind2=" "><marc:subfield code="a">Uk</marc:subfield><marc:subfield code="c">Uk</marc:subfield></marc:datafield><marc:datafield tag="100" ind1="1" ind2=" "><marc:subfield code="a">ABBOTT, Charles Conrad.</marc:subfield></marc:datafield><marc:datafield tag="245" ind1="1" ind2="0"><marc:subfield code="a">Primitive Industry; or, Illustrations of the handiwork, in stone, bone and clay, of the native races of the Northern Atlantic seaboard of America.</marc:subfield></marc:datafield><marc:datafield tag="260" ind1=" " ind2=" "><marc:subfield code="a">Salem, Mass. :</marc:subfield><marc:subfield code="b">G. A. Bates,</marc:subfield><marc:subfield code="c">1881.</marc:subfield></marc:datafield><marc:datafield tag="300" ind1=" " ind2=" "><marc:subfield code="a">vi, 560 p. ;</marc:subfield><marc:subfield code="c">8º.</marc:subfield></marc:datafield><marc:datafield tag="852" ind1="4" ind2="1"><marc:subfield code="a">British Library</marc:subfield><marc:subfield code="b">HMNTS</marc:subfield><marc:subfield code="j">7708.bb.28.</marc:subfield></marc:datafield></marc:record>