
<marc:record><marc:leader>00780cam a22001933  4500</marc:leader>
<marc:controlfield tag="001">000003959</marc:controlfield>
<marc:controlfield tag="003">Uk</marc:controlfield><marc:controlfield tag="005">20110119132100.0</marc:controlfield><marc:controlfield tag="008">870813|1877|||||||    ||     ||| |||||  </marc:controlfield><marc:datafield tag="040" ind1=" " ind2=" "><marc:subfield code="a">Uk</marc:subfield><marc:subfield code="c">Uk</marc:subfield></marc:datafield><marc:datafield tag="100" ind1="1" ind2=" "><marc:subfield code="a">Abbott, Edwin Abbott,</marc:subfield><marc:subfield code="d">1838-1926.</marc:subfield></marc:datafield><marc:datafield tag="245" ind1="1" ind2="0"><marc:subfield code="a">Bacon and Essex. A sketch of Bacon's earlier life.</marc:subfield></marc:datafield><marc:datafield tag="260" ind1=" " ind2=" "><marc:subfield code="a">pp. viii. 254, 21, 29. Seeley, Jackson &amp; Co.: London, 1877.</marc:subfield></marc:datafield><marc:datafield tag="300" ind1=" " ind2=" "><marc:subfield code="a">8º.</marc:subfield></marc:datafield><marc:datafield tag="700" ind1="1" ind2=" "><marc:subfield code="a">Bacon, Francis,</marc:subfield><marc:subfield code="d">1561-1626</marc:subfield><marc:subfield code="t">Appendix. Biography.</marc:subfield></marc:datafield><marc:datafield tag="700" ind1="1" ind2=" "><marc:subfield code="a">Essex, Robert Devereux,</marc:subfield><marc:subfield code="c">Earl of,</marc:subfield><marc:subfield code="d">1566-1601.</marc:subfield></marc:datafield><marc:datafield tag="852" ind1="4" ind2="1"><marc:subfield code="a">British Library</marc:subfield><marc:subfield code="b">HMNTS</marc:subfield><marc:subfield code="j">10815.ee.4.</marc:subfield></marc:datafield><marc:datafield tag="886" ind1="2" ind2=" "><marc:subfield code="2">blmarc</marc:subfield><marc:subfield code="a">709</marc:subfield><marc:subfield code="b">00</marc:subfield><marc:subfield code="a">BACON</marc:subfield><marc:subfield code="h">Francis</marc:subfield><marc:subfield code="f">Viscount St. Albans</marc:subfield><marc:subfield code="t">Appendix</marc:subfield><marc:subfield code="t">Biography</marc:subfield><marc:subfield code="p">10815.ee.4.</marc:subfield><marc:subfield code="x">0160340098</marc:subfield></marc:datafield><marc:datafield tag="886" ind1="2" ind2=" "><marc:subfield code="2">blmarc</marc:subfield><marc:subfield code="a">709</marc:subfield><marc:subfield code="b">00</marc:subfield><marc:subfield code="a">DEVEREUX</marc:subfield><marc:subfield code="h">Robert</marc:subfield><marc:subfield code="f">2nd Earl of Essex</marc:subfield><marc:subfield code="t">Appendix</marc:subfield><marc:subfield code="p">10815.ee.4.</marc:subfield><marc:subfield code="x">0820320056</marc:subfield></marc:datafield></marc:record>