
<marc:record><marc:leader>02568cam a22004573  4500</marc:leader>
<marc:controlfield tag="001">000003964</marc:controlfield>
<marc:controlfield tag="003">Uk</marc:controlfield><marc:controlfield tag="005">20130521172200.0</marc:controlfield><marc:controlfield tag="008">870813|1900||||enk    ||     ||| |||||  </marc:controlfield><marc:datafield tag="040" ind1=" " ind2=" "><marc:subfield code="a">Uk</marc:subfield><marc:subfield code="c">Uk</marc:subfield></marc:datafield><marc:datafield tag="100" ind1="1" ind2=" "><marc:subfield code="a">Abbott, Edwin Abbott,</marc:subfield><marc:subfield code="d">1838-1926.</marc:subfield></marc:datafield><marc:datafield tag="245" ind1="1" ind2="0"><marc:subfield code="a">Diatessarica. (A series dealing with the interpretation of the Gospels.).</marc:subfield></marc:datafield><marc:datafield tag="260" ind1=" " ind2=" "><marc:subfield code="a">London :</marc:subfield><marc:subfield code="b">A. &amp; C. Black,</marc:subfield><marc:subfield code="c">1900-17.</marc:subfield></marc:datafield><marc:datafield tag="300" ind1=" " ind2=" "><marc:subfield code="a">15 vol. ;</marc:subfield><marc:subfield code="c">8º.</marc:subfield></marc:datafield><marc:datafield tag="580" ind1=" " ind2=" "><marc:subfield code="a">Part title: Diatessarica. (A series dealing with the interpretation of the Gospels.) 1. Clue: a guide through Greek to Hebrew Scripture.</marc:subfield></marc:datafield><marc:datafield tag="580" ind1=" " ind2=" "><marc:subfield code="a">Part title: Diatessarica. (A series dealing with the interpretation of the Gospels.) 2. The Corrections of Mark.</marc:subfield></marc:datafield><marc:datafield tag="580" ind1=" " ind2=" "><marc:subfield code="a">Part title: Diatessarica. (A series dealing with the interpretation of the Gospels.) 3. From Letter to Spirit.</marc:subfield></marc:datafield><marc:datafield tag="580" ind1=" " ind2=" "><marc:subfield code="a">Part title: Diatessarica. (A series dealing with the interpretation of the Gospels.) 4. Paradosis.</marc:subfield></marc:datafield><marc:datafield tag="580" ind1=" " ind2=" "><marc:subfield code="a">Part title: Diatessarica. (A series dealing with the interpretation of the Gospels.) 5. Johannine Vocabulary.</marc:subfield></marc:datafield><marc:datafield tag="580" ind1=" " ind2=" "><marc:subfield code="a">Part title: Diatessarica. (A series dealing with the interpretation of the Gospels.) 6. Johannine Grammar.</marc:subfield></marc:datafield><marc:datafield tag="580" ind1=" " ind2=" "><marc:subfield code="a">Part title: Diatessarica. (A series dealing with the interpretation of the Gospels.) 7. Notes on New Testament Criticism.</marc:subfield></marc:datafield><marc:datafield tag="580" ind1=" " ind2=" "><marc:subfield code="a">Part title: Diatessarica. (A series dealing with the interpretation of the Gospels.) 8. The Son of Man.</marc:subfield></marc:datafield><marc:datafield tag="580" ind1=" " ind2=" "><marc:subfield code="a">Part title: Diatessarica. (A series dealing with the interpretation of the Gospels.) 9. Light on the Gospel from an ancient poet.</marc:subfield></marc:datafield><marc:datafield tag="580" ind1=" " ind2=" "><marc:subfield code="a">Part title: Diatessarica. (A series dealing with the interpretation of the Gospels.) 10. The Fourfold Gospel.</marc:subfield></marc:datafield><marc:datafield tag="580" ind1=" " ind2=" "><marc:subfield code="a">Part title: Diatessarica. (A series dealing with the interpretation of the Gospels.) 5 vol. Indices.</marc:subfield></marc:datafield><marc:datafield tag="720" ind1=" " ind2=" "><marc:subfield code="a">Solomon,</marc:subfield><marc:subfield code="c">King of Israel</marc:subfield></marc:datafield><marc:datafield tag="730" ind1="0" ind2=" "><marc:subfield code="a">Bible. Appendix. Gospels. Miscellaneous</marc:subfield></marc:datafield><marc:datafield tag="787" ind1="0" ind2=" "><marc:subfield code="w">(Uk)MP1.0000004342.0.1</marc:subfield></marc:datafield><marc:datafield tag="787" ind1="0" ind2=" "><marc:subfield code="w">(Uk)MP1.0000004342.0.2</marc:subfield></marc:datafield><marc:datafield tag="787" ind1="0" ind2=" "><marc:subfield code="w">(Uk)MP1.0000004342.0.3</marc:subfield></marc:datafield><marc:datafield tag="787" ind1="0" ind2=" "><marc:subfield code="w">(Uk)MP1.0000004342.0.4</marc:subfield></marc:datafield><marc:datafield tag="787" ind1="0" ind2=" "><marc:subfield code="w">(Uk)MP1.0000004342.0.5</marc:subfield></marc:datafield><marc:datafield tag="787" ind1="0" ind2=" "><marc:subfield code="w">(Uk)MP1.0000004342.0.6</marc:subfield></marc:datafield><marc:datafield tag="787" ind1="0" ind2=" "><marc:subfield code="w">(Uk)MP1.0000004342.0.7</marc:subfield></marc:datafield><marc:datafield tag="787" ind1="0" ind2=" "><marc:subfield code="w">(Uk)MP1.0000004342.0.8</marc:subfield></marc:datafield><marc:datafield tag="787" ind1="0" ind2=" "><marc:subfield code="w">(Uk)MP1.0000004342.0.9</marc:subfield></marc:datafield><marc:datafield tag="787" ind1="0" ind2=" "><marc:subfield code="w">(Uk)MP1.0000004342.0.10</marc:subfield></marc:datafield><marc:datafield tag="787" ind1="0" ind2=" "><marc:subfield code="w">(Uk)MP1.0000004342.0.11</marc:subfield></marc:datafield><marc:datafield tag="852" ind1="4" ind2="1"><marc:subfield code="a">British Library</marc:subfield><marc:subfield code="b">HMNTS</marc:subfield><marc:subfield code="j">03128.k.1.</marc:subfield></marc:datafield><marc:datafield tag="886" ind1="2" ind2=" "><marc:subfield code="2">blmarc</marc:subfield><marc:subfield code="a">709</marc:subfield><marc:subfield code="b">00</marc:subfield><marc:subfield code="a">BIBLE</marc:subfield><marc:subfield code="t">Appendix</marc:subfield><marc:subfield code="t">Gospels</marc:subfield><marc:subfield code="t">Miscellaneous</marc:subfield><marc:subfield code="p">03128.k.1.</marc:subfield><marc:subfield code="x">0313380015</marc:subfield></marc:datafield><marc:datafield tag="886" ind1="2" ind2=" "><marc:subfield code="2">blmarc</marc:subfield><marc:subfield code="a">709</marc:subfield><marc:subfield code="b">00</marc:subfield><marc:subfield code="a">SOLOMON, King of Israel</marc:subfield><marc:subfield code="p">03128.k.1.</marc:subfield><marc:subfield code="x">3072850089</marc:subfield></marc:datafield></marc:record>