
<marc:record><marc:leader>01188cam a22002173  4500</marc:leader>
<marc:controlfield tag="001">000003999</marc:controlfield>
<marc:controlfield tag="003">Uk</marc:controlfield><marc:controlfield tag="005">20130502171500.0</marc:controlfield><marc:controlfield tag="008">870813|1891||||enk    ||     ||| |||||  </marc:controlfield><marc:datafield tag="040" ind1=" " ind2=" "><marc:subfield code="a">Uk</marc:subfield><marc:subfield code="c">Uk</marc:subfield></marc:datafield><marc:datafield tag="100" ind1="1" ind2=" "><marc:subfield code="a">Abbott, Edwin Abbott,</marc:subfield><marc:subfield code="d">1838-1926.</marc:subfield></marc:datafield><marc:datafield tag="245" ind1="1" ind2="0"><marc:subfield code="a">Newmanianism: a preface to the second edition of Philomythus, containing a reply to the editor of the “Spectator” [i.e. R. H. Hutton], a few words to Mr. Wilfrid Ward, and some remarks on Mr. R. H. Hutton's “Cardinal Newman.”.</marc:subfield></marc:datafield><marc:datafield tag="260" ind1=" " ind2=" "><marc:subfield code="a">London :</marc:subfield><marc:subfield code="b">Macmillan &amp; Co.,</marc:subfield><marc:subfield code="c">1891.</marc:subfield></marc:datafield><marc:datafield tag="300" ind1=" " ind2=" "><marc:subfield code="a">lxxv p. ;</marc:subfield><marc:subfield code="c">8º.</marc:subfield></marc:datafield><marc:datafield tag="700" ind1="1" ind2=" "><marc:subfield code="a">Hutton, Richard Holt,</marc:subfield><marc:subfield code="d">1826-1897.</marc:subfield></marc:datafield><marc:datafield tag="700" ind1="1" ind2=" "><marc:subfield code="a">Newman, John Henry,</marc:subfield><marc:subfield code="d">1801-1890</marc:subfield><marc:subfield code="t">Miscellaneous Works. Essay on the miracles recorded in ecclesiastical history. [Signed J. H. N.]</marc:subfield></marc:datafield><marc:datafield tag="700" ind1="1" ind2=" "><marc:subfield code="a">Ward, Wilfrid,</marc:subfield><marc:subfield code="d">1856-1916.</marc:subfield></marc:datafield><marc:datafield tag="852" ind1="4" ind2="1"><marc:subfield code="a">British Library</marc:subfield><marc:subfield code="b">HMNTS</marc:subfield><marc:subfield code="j">3940.aaa.21.</marc:subfield></marc:datafield><marc:datafield tag="886" ind1="2" ind2=" "><marc:subfield code="2">blmarc</marc:subfield><marc:subfield code="a">709</marc:subfield><marc:subfield code="b">00</marc:subfield><marc:subfield code="a">HUTTON</marc:subfield><marc:subfield code="h">Richard Holt</marc:subfield><marc:subfield code="p">3940.aaa.21.</marc:subfield><marc:subfield code="x">1563850184</marc:subfield></marc:datafield><marc:datafield tag="886" ind1="2" ind2=" "><marc:subfield code="2">blmarc</marc:subfield><marc:subfield code="a">709</marc:subfield><marc:subfield code="b">00</marc:subfield><marc:subfield code="a">NEWMAN</marc:subfield><marc:subfield code="h">John Henry</marc:subfield><marc:subfield code="f">Cardinal</marc:subfield><marc:subfield code="t">Miscellaneous Works</marc:subfield><marc:subfield code="t">Essay on the miracles recorded in ecclesiastical history. [Signed J. H. N.]</marc:subfield><marc:subfield code="p">3940.aaa.21.</marc:subfield><marc:subfield code="x">2354400225</marc:subfield></marc:datafield><marc:datafield tag="886" ind1="2" ind2=" "><marc:subfield code="2">blmarc</marc:subfield><marc:subfield code="a">709</marc:subfield><marc:subfield code="b">00</marc:subfield><marc:subfield code="a">WARD</marc:subfield><marc:subfield code="h">Wilfrid Philip</marc:subfield><marc:subfield code="p">3940.aaa.21.</marc:subfield><marc:subfield code="x">345096027X</marc:subfield></marc:datafield></marc:record>