
<marc:record><marc:leader>00673cam a22001573  4500</marc:leader>
<marc:controlfield tag="001">000004043</marc:controlfield>
<marc:controlfield tag="003">Uk</marc:controlfield><marc:controlfield tag="005">20130520180000.0</marc:controlfield><marc:controlfield tag="008">870813|1880||||enk    ||     ||| |||||  </marc:controlfield><marc:datafield tag="040" ind1=" " ind2=" "><marc:subfield code="a">Uk</marc:subfield><marc:subfield code="c">Uk</marc:subfield></marc:datafield><marc:datafield tag="100" ind1="1" ind2=" "><marc:subfield code="a">Abbott, Evelyn,</marc:subfield><marc:subfield code="d">1843-1901.</marc:subfield></marc:datafield><marc:datafield tag="245" ind1="1" ind2="0"><marc:subfield code="a">Hellenica. A collection of essays on Greek poetry, philosophy, history, and religion. Edited by E. Abbott.</marc:subfield></marc:datafield><marc:datafield tag="260" ind1=" " ind2=" "><marc:subfield code="a">London :</marc:subfield><marc:subfield code="b">Rivingtons,</marc:subfield><marc:subfield code="c">1880.</marc:subfield></marc:datafield><marc:datafield tag="300" ind1=" " ind2=" "><marc:subfield code="a">viii, 492 p. ;</marc:subfield><marc:subfield code="c">8º.</marc:subfield></marc:datafield><marc:datafield tag="775" ind1="0" ind2=" "><marc:subfield code="t">[Hellenica. A collection of essays on Greek poetry, philosophy, history, and religion. Edited by E. Abbott.]</marc:subfield><marc:subfield code="d">pp. ix. 449. Longmans, Green &amp; Co.: London, 1898. 8º.</marc:subfield><marc:subfield code="w">(Uk)MP1.0000004405.1</marc:subfield></marc:datafield><marc:datafield tag="852" ind1="4" ind2="1"><marc:subfield code="a">British Library</marc:subfield><marc:subfield code="b">HMNTS</marc:subfield><marc:subfield code="j">11313.ff.14.</marc:subfield></marc:datafield></marc:record>