
<marc:record><marc:leader>01020cam a22002173  4500</marc:leader>
<marc:controlfield tag="001">000004057</marc:controlfield>
<marc:controlfield tag="003">Uk</marc:controlfield><marc:controlfield tag="005">20130520180000.0</marc:controlfield><marc:controlfield tag="008">870813|1878||||enk    ||     ||| |||||  </marc:controlfield><marc:datafield tag="040" ind1=" " ind2=" "><marc:subfield code="a">Uk</marc:subfield><marc:subfield code="c">Uk</marc:subfield></marc:datafield><marc:datafield tag="100" ind1="1" ind2=" "><marc:subfield code="a">Abbott, Evelyn,</marc:subfield><marc:subfield code="d">1843-1901.</marc:subfield></marc:datafield><marc:datafield tag="245" ind1="1" ind2="3"><marc:subfield code="a">[A Primer of Greek Accidence ... With a preface by J. Percival.]</marc:subfield></marc:datafield><marc:datafield tag="250" ind1=" " ind2=" "><marc:subfield code="a">Second edition, revised.</marc:subfield></marc:datafield><marc:datafield tag="260" ind1=" " ind2=" "><marc:subfield code="a">London :</marc:subfield><marc:subfield code="b">Rivingtons,</marc:subfield><marc:subfield code="c">1878.</marc:subfield></marc:datafield><marc:datafield tag="300" ind1=" " ind2=" "><marc:subfield code="a">151 p. ;</marc:subfield><marc:subfield code="c">8º.</marc:subfield></marc:datafield><marc:datafield tag="700" ind1="1" ind2=" "><marc:subfield code="a">MANSFIELD, Edward Dillon.</marc:subfield></marc:datafield><marc:datafield tag="700" ind1="1" ind2=" "><marc:subfield code="a">Percival, John,</marc:subfield><marc:subfield code="d">1834-1918.</marc:subfield></marc:datafield><marc:datafield tag="787" ind1="0" ind2=" "><marc:subfield code="t">A Primer of Greek Accidence ... With a preface by J. Percival.</marc:subfield><marc:subfield code="d">pp. 151. Rivingtons: London, 1877. 8º.</marc:subfield><marc:subfield code="w">(Uk)MP1.0000004415</marc:subfield></marc:datafield><marc:datafield tag="852" ind1="4" ind2="1"><marc:subfield code="a">British Library</marc:subfield><marc:subfield code="b">HMNTS</marc:subfield><marc:subfield code="j">12924.bbb.33.</marc:subfield></marc:datafield><marc:datafield tag="886" ind1="2" ind2=" "><marc:subfield code="2">blmarc</marc:subfield><marc:subfield code="a">709</marc:subfield><marc:subfield code="b">00</marc:subfield><marc:subfield code="a">MANSFIELD</marc:subfield><marc:subfield code="h">Edward Dillon</marc:subfield><marc:subfield code="p">12923.aaa.46.</marc:subfield><marc:subfield code="x">2102160238</marc:subfield><marc:subfield code="p">12923.b.43.</marc:subfield><marc:subfield code="x">2102160238</marc:subfield><marc:subfield code="p">12924.b.1.</marc:subfield><marc:subfield code="x">2102160238</marc:subfield><marc:subfield code="p">12924.b.58.</marc:subfield><marc:subfield code="x">2102160238</marc:subfield><marc:subfield code="p">12924.bbb.33.</marc:subfield><marc:subfield code="x">2102160238</marc:subfield></marc:datafield><marc:datafield tag="886" ind1="2" ind2=" "><marc:subfield code="2">blmarc</marc:subfield><marc:subfield code="a">709</marc:subfield><marc:subfield code="b">00</marc:subfield><marc:subfield code="a">PERCIVAL</marc:subfield><marc:subfield code="h">John</marc:subfield><marc:subfield code="f">Bishop of Hereford</marc:subfield><marc:subfield code="p">12923.b.43.</marc:subfield><marc:subfield code="x">2512870227</marc:subfield><marc:subfield code="p">12924.b.1.</marc:subfield><marc:subfield code="x">2512870227</marc:subfield><marc:subfield code="p">12924.bbb.33.</marc:subfield><marc:subfield code="x">2512870227</marc:subfield></marc:datafield></marc:record>