
<marc:record><marc:leader>01798cam a22002413  4500</marc:leader>
<marc:controlfield tag="001">000004061</marc:controlfield>
<marc:controlfield tag="003">Uk</marc:controlfield><marc:controlfield tag="005">20110119132100.0</marc:controlfield><marc:controlfield tag="008">870813|1893|||||||    ||     ||| |||||  </marc:controlfield><marc:datafield tag="040" ind1=" " ind2=" "><marc:subfield code="a">Uk</marc:subfield><marc:subfield code="c">Uk</marc:subfield></marc:datafield><marc:datafield tag="100" ind1="1" ind2=" "><marc:subfield code="a">Abbott, Evelyn,</marc:subfield><marc:subfield code="d">1843-1901.</marc:subfield></marc:datafield><marc:datafield tag="245" ind1="1" ind2="2"><marc:subfield code="a">A Primer of Greek Grammar. Accidence by E. Abbott ... and E. D. Mansfield ... Syntax by E. D. Mansfield ... With a preface by J. Percival.</marc:subfield></marc:datafield><marc:datafield tag="260" ind1=" " ind2=" "><marc:subfield code="a">pp. 160. 52. Rivington, Percival &amp; Co.: London, 1893.</marc:subfield></marc:datafield><marc:datafield tag="300" ind1=" " ind2=" "><marc:subfield code="a">8º.</marc:subfield></marc:datafield><marc:datafield tag="700" ind1="1" ind2=" "><marc:subfield code="a">MANSFIELD, Edward Dillon.</marc:subfield></marc:datafield><marc:datafield tag="700" ind1="1" ind2=" "><marc:subfield code="a">Percival, John,</marc:subfield><marc:subfield code="d">1834-1918.</marc:subfield></marc:datafield><marc:datafield tag="775" ind1="0" ind2=" "><marc:subfield code="t">[A Primer of Greek Grammar. Accidence by E. Abbott ... and E. D. Mansfield ... Syntax by E. D. Mansfield ... With a preface by J. Percival.]</marc:subfield><marc:subfield code="d">2 vol. Rivington, Percival &amp; Co.: London, 1895. 8º.</marc:subfield><marc:subfield code="w">(Uk)MP1.0000004416.1</marc:subfield></marc:datafield><marc:datafield tag="775" ind1="0" ind2=" "><marc:subfield code="t">[A Primer of Greek Grammar. Accidence by E. Abbott ... and E. D. Mansfield ... Syntax by E. D. Mansfield ... With a preface by J. Percival.]</marc:subfield><marc:subfield code="d">2 vol. Rivingtons: London, 1897. 8º.</marc:subfield><marc:subfield code="w">(Uk)MP1.0000004416.2</marc:subfield></marc:datafield><marc:datafield tag="775" ind1="0" ind2=" "><marc:subfield code="t">[A Primer of Greek Grammar. Accidence by E. Abbott ... and E. D. Mansfield ... Syntax by E. D. Mansfield ... With a preface by J. Percival.]</marc:subfield><marc:subfield code="d">2 vol. Rivingtons: London, 1899, 98. 8º.</marc:subfield><marc:subfield code="w">(Uk)MP1.0000004416.3</marc:subfield></marc:datafield><marc:datafield tag="775" ind1="0" ind2=" "><marc:subfield code="t">[A Primer of Greek Grammar. Accidence by E. Abbott ... and E. D. Mansfield ... Syntax by E. D. Mansfield ... With a preface by J. Percival.]</marc:subfield><marc:subfield code="d">2 vol. Rivingtons: London, 1902. 8º.</marc:subfield><marc:subfield code="w">(Uk)MP1.0000004416.4</marc:subfield></marc:datafield><marc:datafield tag="852" ind1="4" ind2="1"><marc:subfield code="a">British Library</marc:subfield><marc:subfield code="b">HMNTS</marc:subfield><marc:subfield code="j">12932.cc.25.</marc:subfield></marc:datafield><marc:datafield tag="886" ind1="2" ind2=" "><marc:subfield code="2">blmarc</marc:subfield><marc:subfield code="a">709</marc:subfield><marc:subfield code="b">00</marc:subfield><marc:subfield code="a">MANSFIELD</marc:subfield><marc:subfield code="h">Edward Dillon</marc:subfield><marc:subfield code="p">12923.bbb.51.</marc:subfield><marc:subfield code="x">2102160289</marc:subfield><marc:subfield code="p">12923.cc.30.</marc:subfield><marc:subfield code="x">2102160262</marc:subfield><marc:subfield code="p">12923.cc.38.</marc:subfield><marc:subfield code="x">2102160270</marc:subfield><marc:subfield code="p">12924.cc.32.</marc:subfield><marc:subfield code="x">2102160254</marc:subfield><marc:subfield code="p">12932.cc.25.</marc:subfield><marc:subfield code="x">2102160246</marc:subfield></marc:datafield><marc:datafield tag="886" ind1="2" ind2=" "><marc:subfield code="2">blmarc</marc:subfield><marc:subfield code="a">709</marc:subfield><marc:subfield code="b">00</marc:subfield><marc:subfield code="a">PERCIVAL</marc:subfield><marc:subfield code="h">John</marc:subfield><marc:subfield code="f">Bishop of Hereford</marc:subfield><marc:subfield code="p">12923.bbb.51.</marc:subfield><marc:subfield code="x">2512870243</marc:subfield><marc:subfield code="p">12932.cc.25.</marc:subfield><marc:subfield code="x">2512870235</marc:subfield></marc:datafield></marc:record>