
<marc:record><marc:leader>00698cam a22001453  4500</marc:leader>
<marc:controlfield tag="001">000004071</marc:controlfield>
<marc:controlfield tag="003">Uk</marc:controlfield><marc:controlfield tag="005">20110119132100.0</marc:controlfield><marc:controlfield tag="008">870813|1866|||||||    ||     ||| |||||  </marc:controlfield><marc:datafield tag="040" ind1=" " ind2=" "><marc:subfield code="a">Uk</marc:subfield><marc:subfield code="c">Uk</marc:subfield></marc:datafield><marc:datafield tag="100" ind1="1" ind2=" "><marc:subfield code="a">ABBOTT, Francis,</marc:subfield><marc:subfield code="c">F.R.A.S., of Hobart Town.</marc:subfield></marc:datafield><marc:datafield tag="245" ind1="1" ind2="0"><marc:subfield code="a">Results of twenty-five years Meteorological Observations for Hobart Town; together with a two years' register of the principal atmospheric meteors, and Aurora Australis. ... To which is added, a Meteorological Summary for Adelaide, Melbourne, Sydney, Auckland, etc. as compiled from their respective records.</marc:subfield></marc:datafield><marc:datafield tag="260" ind1=" " ind2=" "><marc:subfield code="a">pp. xi. 46. “Mercury” Steam Press: Hobart Town, 1866.</marc:subfield></marc:datafield><marc:datafield tag="300" ind1=" " ind2=" "><marc:subfield code="a">4º.</marc:subfield></marc:datafield><marc:datafield tag="852" ind1="4" ind2="1"><marc:subfield code="a">British Library</marc:subfield><marc:subfield code="b">HMNTS</marc:subfield><marc:subfield code="j">8752.f.3.</marc:subfield></marc:datafield></marc:record>