
<marc:record><marc:leader>00978cam a2200205   4500</marc:leader>
<marc:controlfield tag="001">000004086</marc:controlfield>
<marc:controlfield tag="003">Uk</marc:controlfield><marc:controlfield tag="005">20130123165131.0</marc:controlfield><marc:controlfield tag="008">930824s1847    ii af  ||     000 0|eng  </marc:controlfield><marc:datafield tag="040" ind1=" " ind2=" "><marc:subfield code="a">Uk</marc:subfield><marc:subfield code="c">Uk</marc:subfield></marc:datafield><marc:datafield tag="100" ind1="1" ind2=" "><marc:subfield code="a">Abbott, F.</marc:subfield><marc:subfield code="q">(Frederick),</marc:subfield><marc:subfield code="d">1805-1892.</marc:subfield></marc:datafield><marc:datafield tag="245" ind1="1" ind2="0"><marc:subfield code="a">Practical treatise on permanent bridges for Indian rivers /</marc:subfield><marc:subfield code="c">by F. Abbott.</marc:subfield></marc:datafield><marc:datafield tag="260" ind1=" " ind2=" "><marc:subfield code="a">Agra :</marc:subfield><marc:subfield code="b">Printed at the Secundra Orphan Press,</marc:subfield><marc:subfield code="c">1847.</marc:subfield></marc:datafield><marc:datafield tag="300" ind1=" " ind2=" "><marc:subfield code="a">38, viii p., [9] leaves of plates (1 folded) :</marc:subfield><marc:subfield code="b">ill. ;</marc:subfield><marc:subfield code="c">21 cm. (8º)</marc:subfield></marc:datafield><marc:datafield tag="650" ind1=" " ind2="0"><marc:subfield code="a">Bridges</marc:subfield><marc:subfield code="z">India.</marc:subfield></marc:datafield><marc:datafield tag="775" ind1="0" ind2=" "><marc:subfield code="t">[Practical Treatise on Permanent Bridges for Indian Rivers.]</marc:subfield><marc:subfield code="w">(Uk)MP1.0000004434.1</marc:subfield><marc:subfield code="d">pp. vi. 64. Agra, 1850. 8º.</marc:subfield></marc:datafield><marc:datafield tag="775" ind1="0" ind2=" "><marc:subfield code="t">[Practical Treatise on Permanent Bridges for Indian Rivers.]</marc:subfield><marc:subfield code="w">(Uk)MP1.0000004434.2</marc:subfield><marc:subfield code="d">Roorkee, 1853.</marc:subfield></marc:datafield><marc:datafield tag="775" ind1="0" ind2=" "><marc:subfield code="t">[Practical Treatise on Permanent Bridges for Indian Rivers.]</marc:subfield><marc:subfield code="w">(Uk)MP1.0000004434.3</marc:subfield><marc:subfield code="d">pp. ii. 69. Roorkee, 1860. 8º.</marc:subfield></marc:datafield><marc:datafield tag="852" ind1="4" ind2="1"><marc:subfield code="a">British Library</marc:subfield><marc:subfield code="b">HMNTS</marc:subfield><marc:subfield code="j">8768.bbb.27.(1.)</marc:subfield></marc:datafield><marc:datafield tag="852" ind1="4" ind2="1"><marc:subfield code="a">British Library</marc:subfield><marc:subfield code="b">OC</marc:subfield><marc:subfield code="j">Tr. 11(d)</marc:subfield></marc:datafield></marc:record>