
<marc:record><marc:leader>01076cam a2200229   4500</marc:leader>
<marc:controlfield tag="001">000004087</marc:controlfield>
<marc:controlfield tag="003">Uk</marc:controlfield><marc:controlfield tag="005">20110222172625.0</marc:controlfield><marc:controlfield tag="008">930824s1850    ii af  ||     ||| ||eng  </marc:controlfield><marc:datafield tag="040" ind1=" " ind2=" "><marc:subfield code="a">Uk</marc:subfield><marc:subfield code="c">Uk</marc:subfield></marc:datafield><marc:datafield tag="100" ind1="1" ind2=" "><marc:subfield code="a">Abbott, F.</marc:subfield><marc:subfield code="q">(Frederick),</marc:subfield><marc:subfield code="d">1805-1892.</marc:subfield></marc:datafield><marc:datafield tag="245" ind1="1" ind2="0"><marc:subfield code="a">Practical treatise on permanent bridges for Indian rivers /</marc:subfield><marc:subfield code="c">by F. Abbott.</marc:subfield></marc:datafield><marc:datafield tag="250" ind1=" " ind2=" "><marc:subfield code="a">Second edition,</marc:subfield><marc:subfield code="b">with a description of the use of wells for foundations by P. T. Cautley.</marc:subfield></marc:datafield><marc:datafield tag="260" ind1=" " ind2=" "><marc:subfield code="a">Agra :</marc:subfield><marc:subfield code="b">Printed at the Secundra Orphan Press,</marc:subfield><marc:subfield code="c">1850.</marc:subfield></marc:datafield><marc:datafield tag="300" ind1=" " ind2=" "><marc:subfield code="a">vi, 64 p., [10] leaves of plates (some folded) :</marc:subfield><marc:subfield code="b">ill. ;</marc:subfield><marc:subfield code="c">22 cm. (8º)</marc:subfield></marc:datafield><marc:datafield tag="500" ind1=" " ind2=" "><marc:subfield code="a">&quot;From the Journal of the Asiatic Society of Bengal, No. 88, April 1839.&quot;</marc:subfield></marc:datafield><marc:datafield tag="650" ind1=" " ind2="0"><marc:subfield code="a">Bridges</marc:subfield><marc:subfield code="z">India.</marc:subfield></marc:datafield><marc:datafield tag="650" ind1=" " ind2="0"><marc:subfield code="a">Wells</marc:subfield><marc:subfield code="z">India.</marc:subfield></marc:datafield><marc:datafield tag="700" ind1="1" ind2=" "><marc:subfield code="a">Cautley, Proby T.</marc:subfield><marc:subfield code="q">(Proby Thomas),</marc:subfield><marc:subfield code="c">Sir,</marc:subfield><marc:subfield code="d">1802-1871.</marc:subfield><marc:subfield code="t">On the use of wells, &amp;c. in foundations.</marc:subfield></marc:datafield><marc:datafield tag="787" ind1="0" ind2=" "><marc:subfield code="t">Practical Treatise on Permanent Bridges for Indian Rivers.</marc:subfield><marc:subfield code="w">(Uk)MP1.0000004434</marc:subfield><marc:subfield code="d">pp. 38. viii. Agra, 1847. 8º.</marc:subfield></marc:datafield><marc:datafield tag="852" ind1="4" ind2="1"><marc:subfield code="a">British Library</marc:subfield><marc:subfield code="b">HMNTS</marc:subfield><marc:subfield code="j">8768.bbb.23.(1.)</marc:subfield></marc:datafield><marc:datafield tag="852" ind1="4" ind2="1"><marc:subfield code="a">British Library</marc:subfield><marc:subfield code="b">OC</marc:subfield><marc:subfield code="j">IOL.1947.a.1779(e)</marc:subfield></marc:datafield></marc:record>