
<marc:record><marc:leader>00662cam a22001693  4500</marc:leader>
<marc:controlfield tag="001">000004089</marc:controlfield>
<marc:controlfield tag="003">Uk</marc:controlfield><marc:controlfield tag="005">20120120152500.0</marc:controlfield><marc:controlfield tag="008">930824|1860||||ii     ||     ||| |||||  </marc:controlfield><marc:datafield tag="040" ind1=" " ind2=" "><marc:subfield code="a">Uk</marc:subfield><marc:subfield code="c">Uk</marc:subfield></marc:datafield><marc:datafield tag="100" ind1="1" ind2=" "><marc:subfield code="a">Abbott, F.</marc:subfield><marc:subfield code="q">(Frederick),</marc:subfield><marc:subfield code="d">1805-1892.</marc:subfield></marc:datafield><marc:datafield tag="245" ind1="1" ind2="0"><marc:subfield code="a">[Practical Treatise on Permanent Bridges for Indian Rivers.]</marc:subfield></marc:datafield><marc:datafield tag="250" ind1=" " ind2=" "><marc:subfield code="a">Fourth edition. With a description of the use of wells for foundations, by ... P. T. Cautley, etc.</marc:subfield></marc:datafield><marc:datafield tag="260" ind1=" " ind2=" "><marc:subfield code="a">Roorkee,</marc:subfield><marc:subfield code="c">1860.</marc:subfield></marc:datafield><marc:datafield tag="300" ind1=" " ind2=" "><marc:subfield code="a">ii, 69 p. ;</marc:subfield><marc:subfield code="c">8º.</marc:subfield></marc:datafield><marc:datafield tag="787" ind1="0" ind2=" "><marc:subfield code="t">Practical Treatise on Permanent Bridges for Indian Rivers.</marc:subfield><marc:subfield code="d">pp. 38. viii. Agra, 1847. 8º.</marc:subfield><marc:subfield code="w">(Uk)MP1.0000004434</marc:subfield></marc:datafield><marc:datafield tag="852" ind1="4" ind2="1"><marc:subfield code="a">British Library</marc:subfield><marc:subfield code="b">HMNTS</marc:subfield><marc:subfield code="j">8775.bb.52.(7.)</marc:subfield></marc:datafield></marc:record>