
<marc:record><marc:leader>00922cam a22001933  4500</marc:leader>
<marc:controlfield tag="001">000004102</marc:controlfield>
<marc:controlfield tag="003">Uk</marc:controlfield><marc:controlfield tag="005">20111222151700.0</marc:controlfield><marc:controlfield tag="008">920521|1899|||||||    ||     ||| |||||  </marc:controlfield><marc:datafield tag="040" ind1=" " ind2=" "><marc:subfield code="a">Uk</marc:subfield><marc:subfield code="c">Uk</marc:subfield></marc:datafield><marc:datafield tag="100" ind1="1" ind2=" "><marc:subfield code="a">ABBOTT, George,</marc:subfield><marc:subfield code="c">Chief Clerk, Land Registry, and HOLT (George Irving)</marc:subfield></marc:datafield><marc:datafield tag="245" ind1="1" ind2="0"><marc:subfield code="a">Registration Handbook. Being a practical arrangement of the Land Transfer Acts of 1875 and 1897, etc.</marc:subfield></marc:datafield><marc:datafield tag="260" ind1=" " ind2=" "><marc:subfield code="a">London :</marc:subfield><marc:subfield code="b">F. Hadley &amp; Sons,</marc:subfield><marc:subfield code="c">1899.</marc:subfield></marc:datafield><marc:datafield tag="300" ind1=" " ind2=" "><marc:subfield code="a">120 p. ;</marc:subfield><marc:subfield code="c">8º.</marc:subfield></marc:datafield><marc:datafield tag="500" ind1=" " ind2=" "><marc:subfield code="a">Microfilm. Made from a copy in the Bodleian Library.</marc:subfield></marc:datafield><marc:datafield tag="700" ind1="1" ind2=" "><marc:subfield code="a">HOLT, George Irving.</marc:subfield></marc:datafield><marc:datafield tag="775" ind1="0" ind2=" "><marc:subfield code="t">[Registration Handbook. Being a practical arrangement of the Land Transfer Acts of 1875 and 1897, etc.]</marc:subfield><marc:subfield code="d">pp. 159. Solicitors' Law Stationery Society: London, 1904. 8º.</marc:subfield><marc:subfield code="w">(Uk)MP1.0000004447.1</marc:subfield></marc:datafield><marc:datafield tag="852" ind1="4" ind2="1"><marc:subfield code="a">British Library</marc:subfield><marc:subfield code="b">HMNTS</marc:subfield><marc:subfield code="j">Mic.A.9431(11)</marc:subfield></marc:datafield><marc:datafield tag="886" ind1="2" ind2=" "><marc:subfield code="2">blmarc</marc:subfield><marc:subfield code="a">709</marc:subfield><marc:subfield code="b">00</marc:subfield><marc:subfield code="a">HOLT</marc:subfield><marc:subfield code="h">George Irving</marc:subfield><marc:subfield code="p">6306.d.15.</marc:subfield><marc:subfield code="x">1512210161</marc:subfield><marc:subfield code="p">6306.k.2.</marc:subfield><marc:subfield code="x">1512210153</marc:subfield></marc:datafield></marc:record>