
<marc:record><marc:leader>00891cam a2200229   4500</marc:leader>
<marc:controlfield tag="001">000004107</marc:controlfield>
<marc:controlfield tag="003">Uk</marc:controlfield><marc:controlfield tag="005">20071010141100.0</marc:controlfield><marc:controlfield tag="008">921229s1827    enkaf         000 0 eng  </marc:controlfield><marc:datafield tag="010" ind1=" " ind2=" "><marc:subfield code="a">92252930</marc:subfield></marc:datafield><marc:datafield tag="035" ind1=" " ind2=" "><marc:subfield code="a">(OCoLC)28967177</marc:subfield></marc:datafield><marc:datafield tag="040" ind1=" " ind2=" "><marc:subfield code="a">Uk</marc:subfield><marc:subfield code="c">Uk</marc:subfield></marc:datafield><marc:datafield tag="043" ind1=" " ind2=" "><marc:subfield code="a">a-ii---</marc:subfield><marc:subfield code="a">e-uk---</marc:subfield></marc:datafield><marc:datafield tag="050" ind1="0" ind2="0"><marc:subfield code="a">DS485.C37</marc:subfield><marc:subfield code="b">A22 1827</marc:subfield></marc:datafield><marc:datafield tag="100" ind1="1" ind2=" "><marc:subfield code="a">Abbott, George,</marc:subfield><marc:subfield code="c">Lieut.</marc:subfield></marc:datafield><marc:datafield tag="245" ind1="1" ind2="0"><marc:subfield code="a">Views of the forts of Bhurtpoore &amp; Weire /</marc:subfield><marc:subfield code="c">by George Abbott.</marc:subfield></marc:datafield><marc:datafield tag="260" ind1=" " ind2=" "><marc:subfield code="a">[London :</marc:subfield><marc:subfield code="b">J.M. Richardson],</marc:subfield><marc:subfield code="c">1827</marc:subfield><marc:subfield code="e">([S.l.] :</marc:subfield><marc:subfield code="f">Engelmann, Graf, Coindet &amp; Co.)</marc:subfield></marc:datafield><marc:datafield tag="300" ind1=" " ind2=" "><marc:subfield code="a">[2] leaves, 3-13 leaves of plates :</marc:subfield><marc:subfield code="b">chiefly col. ill. ;</marc:subfield><marc:subfield code="c">32 x 48 cm.</marc:subfield></marc:datafield><marc:datafield tag="650" ind1=" " ind2="0"><marc:subfield code="a">Fortification</marc:subfield><marc:subfield code="z">India</marc:subfield><marc:subfield code="z">Madhya Pradesh</marc:subfield><marc:subfield code="x">History</marc:subfield><marc:subfield code="y">19th century</marc:subfield><marc:subfield code="v">Pictorial works.</marc:subfield></marc:datafield><marc:datafield tag="852" ind1="4" ind2="1"><marc:subfield code="a">British Library</marc:subfield><marc:subfield code="b">OC</marc:subfield><marc:subfield code="j">X 495</marc:subfield><marc:subfield code="3">[Another copy.]***Held in OIOC.</marc:subfield></marc:datafield><marc:datafield tag="852" ind1="4" ind2="1"><marc:subfield code="a">British Library</marc:subfield><marc:subfield code="b">OC</marc:subfield><marc:subfield code="j">X 552</marc:subfield><marc:subfield code="3">[Another copy.]***Held in OIOC.</marc:subfield></marc:datafield><marc:datafield tag="852" ind1="4" ind2="1"><marc:subfield code="a">British Library</marc:subfield><marc:subfield code="b">MAPS</marc:subfield><marc:subfield code="j">Maps17.e.15.</marc:subfield></marc:datafield></marc:record>