
<marc:record><marc:leader>00702cam a22001693  4500</marc:leader>
<marc:controlfield tag="001">000004204</marc:controlfield>
<marc:controlfield tag="003">Uk</marc:controlfield><marc:controlfield tag="005">20120120152500.0</marc:controlfield><marc:controlfield tag="008">870813|1855|||||||    ||     ||| |||||  </marc:controlfield><marc:datafield tag="040" ind1=" " ind2=" "><marc:subfield code="a">Uk</marc:subfield><marc:subfield code="c">Uk</marc:subfield></marc:datafield><marc:datafield tag="100" ind1="1" ind2=" "><marc:subfield code="a">ABBOTT, Jacob.</marc:subfield></marc:datafield><marc:datafield tag="245" ind1="1" ind2="0"><marc:subfield code="a">Bruno; or, Lessons of patience, fidelity, and self-denial, taught by a dog. English edition, revised by the author of “Head and Heart,” etc. [i.e. T. S. Henderson, afterwards Engall.]</marc:subfield></marc:datafield><marc:datafield tag="260" ind1=" " ind2=" "><marc:subfield code="a">London :</marc:subfield><marc:subfield code="b">Darton &amp; Co.,</marc:subfield><marc:subfield code="c">[1855]</marc:subfield></marc:datafield><marc:datafield tag="300" ind1=" " ind2=" "><marc:subfield code="a">140 p. ;</marc:subfield><marc:subfield code="c">18º.</marc:subfield></marc:datafield><marc:datafield tag="700" ind1="1" ind2=" "><marc:subfield code="a">HENDERSON, afterwards ENGALL, Thulia Susannah.</marc:subfield></marc:datafield><marc:datafield tag="852" ind1="4" ind2="1"><marc:subfield code="a">British Library</marc:subfield><marc:subfield code="b">HMNTS</marc:subfield><marc:subfield code="j">12806.a.18.</marc:subfield></marc:datafield><marc:datafield tag="886" ind1="2" ind2=" "><marc:subfield code="2">blmarc</marc:subfield><marc:subfield code="a">709</marc:subfield><marc:subfield code="b">00</marc:subfield><marc:subfield code="a">HENDERSON, afterwards ENGALL</marc:subfield><marc:subfield code="h">Thulia Susannah</marc:subfield><marc:subfield code="p">12806.a.18.</marc:subfield><marc:subfield code="x">1450350305</marc:subfield></marc:datafield></marc:record>