
<marc:record><marc:leader>00720cam a22001573  4500</marc:leader>
<marc:controlfield tag="001">000004211</marc:controlfield>
<marc:controlfield tag="003">Uk</marc:controlfield><marc:controlfield tag="005">20120203162600.0</marc:controlfield><marc:controlfield tag="008">870813|1834|||||||    ||     ||| ||eng  </marc:controlfield><marc:datafield tag="040" ind1=" " ind2=" "><marc:subfield code="a">Uk</marc:subfield><marc:subfield code="c">Uk</marc:subfield></marc:datafield><marc:datafield tag="100" ind1="1" ind2=" "><marc:subfield code="a">ABBOTT, Jacob.</marc:subfield></marc:datafield><marc:datafield tag="245" ind1="1" ind2="4"><marc:subfield code="a">The Corner-Stone; or, a familiar illustration of the principles of Christian truth ... With preface and notes, by the Rev. R. Philip.</marc:subfield></marc:datafield><marc:datafield tag="260" ind1=" " ind2=" "><marc:subfield code="a">London :</marc:subfield><marc:subfield code="b">T. Ward &amp; Co.,</marc:subfield><marc:subfield code="c">1834.</marc:subfield></marc:datafield><marc:datafield tag="300" ind1=" " ind2=" "><marc:subfield code="a">xvi, 403 p. ;</marc:subfield><marc:subfield code="c">12º.</marc:subfield></marc:datafield><marc:datafield tag="775" ind1="0" ind2=" "><marc:subfield code="t">[The Corner-Stone; or, a familiar illustration of the principles of Christian truth ... With preface and notes, by the Rev. R. Philip.]</marc:subfield><marc:subfield code="d">pp. xxii. xii. 390. R. B. Seeley, etc.: London, 1834. 12º.</marc:subfield><marc:subfield code="w">(Uk)MP1.0000004553.1</marc:subfield></marc:datafield><marc:datafield tag="852" ind1="4" ind2="1"><marc:subfield code="a">British Library</marc:subfield><marc:subfield code="b">HMNTS</marc:subfield><marc:subfield code="j">1120.b.16.</marc:subfield></marc:datafield></marc:record>