
<marc:record><marc:leader>00952cam a22002053  4500</marc:leader>
<marc:controlfield tag="001">000004212</marc:controlfield>
<marc:controlfield tag="003">Uk</marc:controlfield><marc:controlfield tag="005">20110119132100.0</marc:controlfield><marc:controlfield tag="008">870813|1834|||||||    ||     ||| |||||  </marc:controlfield><marc:datafield tag="040" ind1=" " ind2=" "><marc:subfield code="a">Uk</marc:subfield><marc:subfield code="c">Uk</marc:subfield></marc:datafield><marc:datafield tag="100" ind1="1" ind2=" "><marc:subfield code="a">ABBOTT, Jacob.</marc:subfield></marc:datafield><marc:datafield tag="245" ind1="1" ind2="5"><marc:subfield code="a">[The Corner-Stone; or, a familiar illustration of the principles of Christian truth ... With preface and notes, by the Rev. R. Philip.]</marc:subfield></marc:datafield><marc:datafield tag="250" ind1=" " ind2=" "><marc:subfield code="a">[Another edition.] With a preface by J. P. Smith.</marc:subfield></marc:datafield><marc:datafield tag="260" ind1=" " ind2=" "><marc:subfield code="a">pp. xxii. xii. 390. R. B. Seeley, etc.: London, 1834.</marc:subfield></marc:datafield><marc:datafield tag="300" ind1=" " ind2=" "><marc:subfield code="a">12º.</marc:subfield></marc:datafield><marc:datafield tag="500" ind1=" " ind2=" "><marc:subfield code="a">There is also an engraved titlepage.</marc:subfield></marc:datafield><marc:datafield tag="700" ind1="1" ind2=" "><marc:subfield code="a">Smith, John Pye,</marc:subfield><marc:subfield code="d">1774-1851</marc:subfield></marc:datafield><marc:datafield tag="787" ind1="0" ind2=" "><marc:subfield code="t">The Corner-Stone; or, a familiar illustration of the principles of Christian truth ... With preface and notes, by the Rev. R. Philip.</marc:subfield><marc:subfield code="d">pp. xvi. 403. T. Ward &amp; Co.: London, 1834. 12º.</marc:subfield><marc:subfield code="w">(Uk)MP1.0000004553</marc:subfield></marc:datafield><marc:datafield tag="852" ind1="4" ind2="1"><marc:subfield code="a">British Library</marc:subfield><marc:subfield code="b">HMNTS</marc:subfield><marc:subfield code="j">4406.ee.16.</marc:subfield></marc:datafield><marc:datafield tag="886" ind1="2" ind2=" "><marc:subfield code="2">blmarc</marc:subfield><marc:subfield code="a">709</marc:subfield><marc:subfield code="b">00</marc:subfield><marc:subfield code="a">SMITH</marc:subfield><marc:subfield code="h">John Pye</marc:subfield><marc:subfield code="p">4406.ee.16.</marc:subfield><marc:subfield code="x">3054560260</marc:subfield></marc:datafield></marc:record>