
<marc:record><marc:leader>00714cam a22001813  4500</marc:leader>
<marc:controlfield tag="001">000004214</marc:controlfield>
<marc:controlfield tag="003">Uk</marc:controlfield><marc:controlfield tag="005">20130523175500.0</marc:controlfield><marc:controlfield tag="008">870813|1860||||enk    ||     ||| |||||  </marc:controlfield><marc:datafield tag="040" ind1=" " ind2=" "><marc:subfield code="a">Uk</marc:subfield><marc:subfield code="c">Uk</marc:subfield></marc:datafield><marc:datafield tag="100" ind1="1" ind2=" "><marc:subfield code="a">ABBOTT, Jacob.</marc:subfield></marc:datafield><marc:datafield tag="245" ind1="1" ind2="5"><marc:subfield code="a">[The Corner-Stone ... Abridged by ... Henry Blunt.]</marc:subfield></marc:datafield><marc:datafield tag="260" ind1=" " ind2=" "><marc:subfield code="a">London :</marc:subfield><marc:subfield code="b">James Blackwood,</marc:subfield><marc:subfield code="c">[1860]</marc:subfield></marc:datafield><marc:datafield tag="300" ind1=" " ind2=" "><marc:subfield code="c">16º.</marc:subfield></marc:datafield><marc:datafield tag="700" ind1="1" ind2=" "><marc:subfield code="a">BLUNT, Henry,</marc:subfield><marc:subfield code="c">Rector of Streatham.</marc:subfield></marc:datafield><marc:datafield tag="787" ind1="0" ind2=" "><marc:subfield code="t">The Corner-Stone ... Abridged by ... Henry Blunt.</marc:subfield><marc:subfield code="d">pp. xii. 225. R. B. Seeley, etc.: London, 1834. 12º.</marc:subfield><marc:subfield code="w">(Uk)MP1.0000004554</marc:subfield></marc:datafield><marc:datafield tag="852" ind1="4" ind2="1"><marc:subfield code="a">British Library</marc:subfield><marc:subfield code="b">HMNTS</marc:subfield><marc:subfield code="j">4407.aa.31.</marc:subfield><marc:subfield code="3">[A reissue.]</marc:subfield></marc:datafield><marc:datafield tag="886" ind1="2" ind2=" "><marc:subfield code="2">blmarc</marc:subfield><marc:subfield code="a">709</marc:subfield><marc:subfield code="b">00</marc:subfield><marc:subfield code="a">BLUNT</marc:subfield><marc:subfield code="h">Henry</marc:subfield><marc:subfield code="f">Rector of Streatham</marc:subfield><marc:subfield code="p">4407.aa.31.</marc:subfield><marc:subfield code="x">035112036X</marc:subfield><marc:subfield code="p">4410.f.2.</marc:subfield><marc:subfield code="x">035112036X</marc:subfield></marc:datafield></marc:record>