
<marc:record><marc:leader>00659cam a22001693  4500</marc:leader>
<marc:controlfield tag="001">000004215</marc:controlfield>
<marc:controlfield tag="003">Uk</marc:controlfield><marc:controlfield tag="005">20120203162600.0</marc:controlfield><marc:controlfield tag="008">870813|1837|||||||    ||     ||| |||||  </marc:controlfield><marc:datafield tag="040" ind1=" " ind2=" "><marc:subfield code="a">Uk</marc:subfield><marc:subfield code="c">Uk</marc:subfield></marc:datafield><marc:datafield tag="100" ind1="1" ind2=" "><marc:subfield code="a">ABBOTT, Jacob.</marc:subfield></marc:datafield><marc:datafield tag="245" ind1="1" ind2="5"><marc:subfield code="a">[The Corner-Stone.] Y gongl-faen; neu Eglurhad cysefin a'r egwyddorion y gwirionedd Cristionogol ... Wedi ei gyfieithu i'r Gymraeg gan y Parch. W. Rees, Dinbych.</marc:subfield></marc:datafield><marc:datafield tag="260" ind1=" " ind2=" "><marc:subfield code="a">Treffynnon :</marc:subfield><marc:subfield code="b">J. Lloyd,</marc:subfield><marc:subfield code="c">1837.</marc:subfield></marc:datafield><marc:datafield tag="300" ind1=" " ind2=" "><marc:subfield code="a">iv, 276 p. ;</marc:subfield><marc:subfield code="c">8º.</marc:subfield></marc:datafield><marc:datafield tag="700" ind1="1" ind2=" "><marc:subfield code="a">REES, William,</marc:subfield><marc:subfield code="c">D.D., called Hiraethog.</marc:subfield></marc:datafield><marc:datafield tag="852" ind1="4" ind2="1"><marc:subfield code="a">British Library</marc:subfield><marc:subfield code="b">HMNTS</marc:subfield><marc:subfield code="j">875.c.29.</marc:subfield></marc:datafield><marc:datafield tag="886" ind1="2" ind2=" "><marc:subfield code="2">blmarc</marc:subfield><marc:subfield code="a">709</marc:subfield><marc:subfield code="b">00</marc:subfield><marc:subfield code="a">REES</marc:subfield><marc:subfield code="h">William</marc:subfield><marc:subfield code="f">D.D., called Hiraethog</marc:subfield><marc:subfield code="p">875.c.29.</marc:subfield><marc:subfield code="x">2721750046</marc:subfield></marc:datafield></marc:record>