
<marc:record><marc:leader>00996cam a22002053  4500</marc:leader>
<marc:controlfield tag="001">000004229</marc:controlfield>
<marc:controlfield tag="003">Uk</marc:controlfield><marc:controlfield tag="005">20130503191800.0</marc:controlfield><marc:controlfield tag="008">980825|1848||||xxu    ||     ||| |||||  </marc:controlfield><marc:datafield tag="040" ind1=" " ind2=" "><marc:subfield code="a">Uk</marc:subfield><marc:subfield code="c">Uk</marc:subfield></marc:datafield><marc:datafield tag="100" ind1="1" ind2=" "><marc:subfield code="a">ABBOTT, Jacob.</marc:subfield></marc:datafield><marc:datafield tag="245" ind1="1" ind2="0"><marc:subfield code="a">History of Alexander the Great, etc.</marc:subfield></marc:datafield><marc:datafield tag="260" ind1=" " ind2=" "><marc:subfield code="a">New York :</marc:subfield><marc:subfield code="b">Harper &amp; Bros.,</marc:subfield><marc:subfield code="c">[1848]</marc:subfield></marc:datafield><marc:datafield tag="300" ind1=" " ind2=" "><marc:subfield code="a">278 p. ;</marc:subfield><marc:subfield code="c">12º.</marc:subfield></marc:datafield><marc:datafield tag="700" ind1="0" ind2=" "><marc:subfield code="a">Alexander,</marc:subfield><marc:subfield code="c">the Great,</marc:subfield><marc:subfield code="d">356 B.C.-323 B.C.</marc:subfield><marc:subfield code="t">Appendix. I. Biography.</marc:subfield></marc:datafield><marc:datafield tag="775" ind1="0" ind2=" "><marc:subfield code="t">[History of Alexander the Great, etc.]</marc:subfield><marc:subfield code="d">pp. 219. Thomas Allman: London, [1850.] 16º.</marc:subfield><marc:subfield code="w">(Uk)MP1.0000004568.1</marc:subfield></marc:datafield><marc:datafield tag="775" ind1="0" ind2=" "><marc:subfield code="t">[History of Alexander the Great, etc.]</marc:subfield><marc:subfield code="d">pp. 192. Nathaniel Cooke: London, 1853. 8º.</marc:subfield><marc:subfield code="w">(Uk)MP1.0000004568.2</marc:subfield></marc:datafield><marc:datafield tag="775" ind1="0" ind2=" "><marc:subfield code="t">[History of Alexander the Great, etc.]</marc:subfield><marc:subfield code="d">pp. 255. J. Woolmer: London, 1882. 16º.</marc:subfield><marc:subfield code="w">(Uk)MP1.0000004568.3</marc:subfield></marc:datafield><marc:datafield tag="852" ind1="4" ind2="1"><marc:subfield code="a">British Library</marc:subfield><marc:subfield code="b">HMNTS</marc:subfield><marc:subfield code="j">10602.aa.6.</marc:subfield></marc:datafield><marc:datafield tag="886" ind1="2" ind2=" "><marc:subfield code="2">blmarc</marc:subfield><marc:subfield code="a">709</marc:subfield><marc:subfield code="b">00</marc:subfield><marc:subfield code="a">ALEXANDER, the Great, King of Macedon</marc:subfield><marc:subfield code="t">Appendix</marc:subfield><marc:subfield code="t">I. Biography</marc:subfield><marc:subfield code="p">10602.a.7.</marc:subfield><marc:subfield code="p">10602.aa.18.</marc:subfield><marc:subfield code="p">10602.aa.5.</marc:subfield><marc:subfield code="p">10602.aa.6.</marc:subfield><marc:subfield code="x">0051060256</marc:subfield></marc:datafield></marc:record>