
<marc:record><marc:leader>00783cam a22001933  4500</marc:leader>
<marc:controlfield tag="001">000004232</marc:controlfield>
<marc:controlfield tag="003">Uk</marc:controlfield><marc:controlfield tag="005">20121114095600.0</marc:controlfield><marc:controlfield tag="008">980825|1882|||||||    ||     ||| |||||  </marc:controlfield><marc:datafield tag="040" ind1=" " ind2=" "><marc:subfield code="a">Uk</marc:subfield><marc:subfield code="c">Uk</marc:subfield></marc:datafield><marc:datafield tag="100" ind1="1" ind2=" "><marc:subfield code="a">ABBOTT, Jacob.</marc:subfield></marc:datafield><marc:datafield tag="245" ind1="1" ind2="0"><marc:subfield code="a">[History of Alexander the Great, etc.]</marc:subfield></marc:datafield><marc:datafield tag="250" ind1=" " ind2=" "><marc:subfield code="a">[Another edition.]</marc:subfield></marc:datafield><marc:datafield tag="260" ind1=" " ind2=" "><marc:subfield code="a">London :</marc:subfield><marc:subfield code="b">J. Woolmer,</marc:subfield><marc:subfield code="c">1882.</marc:subfield></marc:datafield><marc:datafield tag="300" ind1=" " ind2=" "><marc:subfield code="a">255 p. ;</marc:subfield><marc:subfield code="c">16º.</marc:subfield></marc:datafield><marc:datafield tag="700" ind1="0" ind2=" "><marc:subfield code="a">Alexander,</marc:subfield><marc:subfield code="c">the Great,</marc:subfield><marc:subfield code="d">356 B.C.-323 B.C.</marc:subfield><marc:subfield code="t">Appendix. I. Biography.</marc:subfield></marc:datafield><marc:datafield tag="787" ind1="0" ind2=" "><marc:subfield code="t">History of Alexander the Great, etc.</marc:subfield><marc:subfield code="d">pp. 278. Harper &amp; Bros.: New York, [1848.] 12º.</marc:subfield><marc:subfield code="w">(Uk)MP1.0000004568</marc:subfield></marc:datafield><marc:datafield tag="852" ind1="4" ind2="1"><marc:subfield code="a">British Library</marc:subfield><marc:subfield code="b">HMNTS</marc:subfield><marc:subfield code="j">10602.aa.5.</marc:subfield></marc:datafield><marc:datafield tag="886" ind1="2" ind2=" "><marc:subfield code="2">blmarc</marc:subfield><marc:subfield code="a">709</marc:subfield><marc:subfield code="b">00</marc:subfield><marc:subfield code="a">ALEXANDER, the Great, King of Macedon</marc:subfield><marc:subfield code="t">Appendix</marc:subfield><marc:subfield code="t">I. Biography</marc:subfield><marc:subfield code="p">10602.a.7.</marc:subfield><marc:subfield code="p">10602.aa.18.</marc:subfield><marc:subfield code="p">10602.aa.5.</marc:subfield><marc:subfield code="p">10602.aa.6.</marc:subfield><marc:subfield code="x">0051060256</marc:subfield></marc:datafield></marc:record>