
<marc:record><marc:leader>00786cam a22001933  4500</marc:leader>
<marc:controlfield tag="001">000004244</marc:controlfield>
<marc:controlfield tag="003">Uk</marc:controlfield><marc:controlfield tag="005">20120120152500.0</marc:controlfield><marc:controlfield tag="008">870813|1883|||||||    ||     ||| |||||  </marc:controlfield><marc:datafield tag="040" ind1=" " ind2=" "><marc:subfield code="a">Uk</marc:subfield><marc:subfield code="c">Uk</marc:subfield></marc:datafield><marc:datafield tag="100" ind1="1" ind2=" "><marc:subfield code="a">ABBOTT, Jacob.</marc:subfield></marc:datafield><marc:datafield tag="245" ind1="1" ind2="0"><marc:subfield code="a">[History of King Alfred of England.]</marc:subfield></marc:datafield><marc:datafield tag="250" ind1=" " ind2=" "><marc:subfield code="a">[Another edition.]</marc:subfield></marc:datafield><marc:datafield tag="260" ind1=" " ind2=" "><marc:subfield code="a">London :</marc:subfield><marc:subfield code="b">T. Woolmer,</marc:subfield><marc:subfield code="c">[1883]</marc:subfield></marc:datafield><marc:datafield tag="300" ind1=" " ind2=" "><marc:subfield code="a">253 p. ;</marc:subfield><marc:subfield code="c">16º.</marc:subfield></marc:datafield><marc:datafield tag="700" ind1="0" ind2=" "><marc:subfield code="a">Alfred,</marc:subfield><marc:subfield code="c">King of England,</marc:subfield><marc:subfield code="d">849-899.</marc:subfield><marc:subfield code="t">Biography</marc:subfield></marc:datafield><marc:datafield tag="787" ind1="0" ind2=" "><marc:subfield code="t">History of King Alfred of England.</marc:subfield><marc:subfield code="d">pp. 213. Thomas Allman: London, [1850.] 16º.</marc:subfield><marc:subfield code="w">(Uk)MP1.0000004574</marc:subfield></marc:datafield><marc:datafield tag="852" ind1="4" ind2="1"><marc:subfield code="a">British Library</marc:subfield><marc:subfield code="b">HMNTS</marc:subfield><marc:subfield code="j">10602.aa.4.</marc:subfield></marc:datafield><marc:datafield tag="886" ind1="2" ind2=" "><marc:subfield code="2">blmarc</marc:subfield><marc:subfield code="a">709</marc:subfield><marc:subfield code="b">00</marc:subfield><marc:subfield code="a">ALFRED, surnamed the Great, King of England</marc:subfield><marc:subfield code="t">Biography</marc:subfield><marc:subfield code="p">10602.a.8.</marc:subfield><marc:subfield code="x">0052420043</marc:subfield><marc:subfield code="p">10602.aa.17.</marc:subfield><marc:subfield code="x">0052420043</marc:subfield><marc:subfield code="p">10602.aa.4.</marc:subfield><marc:subfield code="x">0052420043</marc:subfield><marc:subfield code="p">9510.aaa.2.</marc:subfield><marc:subfield code="x">0052420043</marc:subfield></marc:datafield></marc:record>