
<marc:record><marc:leader>00674cam a22001693  4500</marc:leader>
<marc:controlfield tag="001">000004246</marc:controlfield>
<marc:controlfield tag="003">Uk</marc:controlfield><marc:controlfield tag="005">20111222151700.0</marc:controlfield><marc:controlfield tag="008">870813|1898||||ii     ||     ||| |||||  </marc:controlfield><marc:datafield tag="040" ind1=" " ind2=" "><marc:subfield code="a">Uk</marc:subfield><marc:subfield code="c">Uk</marc:subfield></marc:datafield><marc:datafield tag="100" ind1="1" ind2=" "><marc:subfield code="a">ABBOTT, Jacob.</marc:subfield></marc:datafield><marc:datafield tag="245" ind1="1" ind2="0"><marc:subfield code="a">Alfred the Great. (Chiefly abridged from a small volume [the “History of King Alfred the Great of England”] by J. Abbott.).</marc:subfield></marc:datafield><marc:datafield tag="260" ind1=" " ind2=" "><marc:subfield code="a">Madras :</marc:subfield><marc:subfield code="b">Christian Literature Society,</marc:subfield><marc:subfield code="c">1898.</marc:subfield></marc:datafield><marc:datafield tag="300" ind1=" " ind2=" "><marc:subfield code="a">48 p. ;</marc:subfield><marc:subfield code="c">8º.</marc:subfield></marc:datafield><marc:datafield tag="700" ind1="0" ind2=" "><marc:subfield code="a">Alfred,</marc:subfield><marc:subfield code="c">King of England,</marc:subfield><marc:subfield code="d">849-899.</marc:subfield><marc:subfield code="t">Biography</marc:subfield></marc:datafield><marc:datafield tag="852" ind1="4" ind2="1"><marc:subfield code="a">British Library</marc:subfield><marc:subfield code="b">HMNTS</marc:subfield><marc:subfield code="j">10600.df.16.(3.)</marc:subfield></marc:datafield><marc:datafield tag="886" ind1="2" ind2=" "><marc:subfield code="2">blmarc</marc:subfield><marc:subfield code="a">709</marc:subfield><marc:subfield code="b">00</marc:subfield><marc:subfield code="a">ALFRED, surnamed the Great, King of England</marc:subfield><marc:subfield code="t">Biography</marc:subfield><marc:subfield code="p">10600.df.16.(3.)</marc:subfield><marc:subfield code="x">0052420051</marc:subfield></marc:datafield></marc:record>