
<marc:record><marc:leader>00822cam a22001933  4500</marc:leader>
<marc:controlfield tag="001">000004248</marc:controlfield>
<marc:controlfield tag="003">Uk</marc:controlfield><marc:controlfield tag="005">20120120152500.0</marc:controlfield><marc:controlfield tag="008">870813|1850|||||||    ||     ||| |||||  </marc:controlfield><marc:datafield tag="040" ind1=" " ind2=" "><marc:subfield code="a">Uk</marc:subfield><marc:subfield code="c">Uk</marc:subfield></marc:datafield><marc:datafield tag="100" ind1="1" ind2=" "><marc:subfield code="a">ABBOTT, Jacob.</marc:subfield></marc:datafield><marc:datafield tag="245" ind1="1" ind2="0"><marc:subfield code="a">[History of King Charles the First of England, etc.]</marc:subfield></marc:datafield><marc:datafield tag="250" ind1=" " ind2=" "><marc:subfield code="a">[Another edition.]</marc:subfield></marc:datafield><marc:datafield tag="260" ind1=" " ind2=" "><marc:subfield code="a">London :</marc:subfield><marc:subfield code="b">Thomas Allman,</marc:subfield><marc:subfield code="c">[1850]</marc:subfield></marc:datafield><marc:datafield tag="300" ind1=" " ind2=" "><marc:subfield code="a">218 p. ;</marc:subfield><marc:subfield code="c">16º.</marc:subfield></marc:datafield><marc:datafield tag="700" ind1="0" ind2=" "><marc:subfield code="a">Charles</marc:subfield><marc:subfield code="b">I,</marc:subfield><marc:subfield code="c">King of England,</marc:subfield><marc:subfield code="d">1600-1649.</marc:subfield><marc:subfield code="t">Appendix. Biography. I. General</marc:subfield></marc:datafield><marc:datafield tag="787" ind1="0" ind2=" "><marc:subfield code="t">History of King Charles the First of England, etc.</marc:subfield><marc:subfield code="d">pp. 285. Harper Bros.: New York, [1848.] 12º.</marc:subfield><marc:subfield code="w">(Uk)MP1.0000004576</marc:subfield></marc:datafield><marc:datafield tag="852" ind1="4" ind2="1"><marc:subfield code="a">British Library</marc:subfield><marc:subfield code="b">HMNTS</marc:subfield><marc:subfield code="j">10602.a.9.</marc:subfield></marc:datafield><marc:datafield tag="886" ind1="2" ind2=" "><marc:subfield code="2">blmarc</marc:subfield><marc:subfield code="a">709</marc:subfield><marc:subfield code="b">00</marc:subfield><marc:subfield code="a">CHARLES I., King of Great Britain and Ireland</marc:subfield><marc:subfield code="t">Appendix</marc:subfield><marc:subfield code="t">Biography</marc:subfield><marc:subfield code="t">I. General</marc:subfield><marc:subfield code="p">10602.a.9.</marc:subfield><marc:subfield code="x">0590680072</marc:subfield><marc:subfield code="p">10602.aa.7.</marc:subfield><marc:subfield code="x">0590680072</marc:subfield></marc:datafield></marc:record>