
<marc:record><marc:leader>00817cam a22001933  4500</marc:leader>
<marc:controlfield tag="001">000004261</marc:controlfield>
<marc:controlfield tag="003">Uk</marc:controlfield><marc:controlfield tag="005">20130611183900.0</marc:controlfield><marc:controlfield tag="008">870813|1849||||xxu    ||     ||| |||||  </marc:controlfield><marc:datafield tag="040" ind1=" " ind2=" "><marc:subfield code="a">Uk</marc:subfield><marc:subfield code="c">Uk</marc:subfield></marc:datafield><marc:datafield tag="100" ind1="1" ind2=" "><marc:subfield code="a">ABBOTT, Jacob.</marc:subfield></marc:datafield><marc:datafield tag="245" ind1="1" ind2="0"><marc:subfield code="a">History of William the Conqueror, etc.</marc:subfield></marc:datafield><marc:datafield tag="260" ind1=" " ind2=" "><marc:subfield code="a">New York :</marc:subfield><marc:subfield code="b">Harper &amp; Bros.,</marc:subfield><marc:subfield code="c">[1849]</marc:subfield></marc:datafield><marc:datafield tag="300" ind1=" " ind2=" "><marc:subfield code="a">391 p. ;</marc:subfield><marc:subfield code="c">12º.</marc:subfield></marc:datafield><marc:datafield tag="700" ind1="0" ind2=" "><marc:subfield code="a">William</marc:subfield><marc:subfield code="b">I,</marc:subfield><marc:subfield code="c">King of England,</marc:subfield><marc:subfield code="d">1027 or 1028-1087.</marc:subfield></marc:datafield><marc:datafield tag="775" ind1="0" ind2=" "><marc:subfield code="t">[History of William the Conqueror, etc.]</marc:subfield><marc:subfield code="d">pp. 224. Thomas Allman: London, [1850.] 16º.</marc:subfield><marc:subfield code="w">(Uk)MP1.0000004586.1</marc:subfield></marc:datafield><marc:datafield tag="775" ind1="0" ind2=" "><marc:subfield code="t">[History of William the Conqueror, etc.]</marc:subfield><marc:subfield code="d">pp. 191. Nathaniel Cooke: London, 1853. 8º.</marc:subfield><marc:subfield code="w">(Uk)MP1.0000004586.2</marc:subfield></marc:datafield><marc:datafield tag="852" ind1="4" ind2="1"><marc:subfield code="a">British Library</marc:subfield><marc:subfield code="b">HMNTS</marc:subfield><marc:subfield code="j">10602.aa.13.</marc:subfield></marc:datafield><marc:datafield tag="886" ind1="2" ind2=" "><marc:subfield code="2">blmarc</marc:subfield><marc:subfield code="a">709</marc:subfield><marc:subfield code="b">00</marc:subfield><marc:subfield code="a">WILLIAM I., called the Conqueror, King of England</marc:subfield><marc:subfield code="p">10602.aa.13.</marc:subfield><marc:subfield code="x">351372005X</marc:subfield></marc:datafield></marc:record>