
<marc:record><marc:leader>00823cam a22001933  4500</marc:leader>
<marc:controlfield tag="001">000004301</marc:controlfield>
<marc:controlfield tag="003">Uk</marc:controlfield><marc:controlfield tag="005">20130715184800.0</marc:controlfield><marc:controlfield tag="008">870813|1834||||enk    ||     ||| |||||  </marc:controlfield><marc:datafield tag="040" ind1=" " ind2=" "><marc:subfield code="a">Uk</marc:subfield><marc:subfield code="c">Uk</marc:subfield></marc:datafield><marc:datafield tag="100" ind1="1" ind2=" "><marc:subfield code="a">ABBOTT, Jacob.</marc:subfield></marc:datafield><marc:datafield tag="245" ind1="1" ind2="5"><marc:subfield code="a">[The Teacher; or, Moral Influences employed in the instruction and government of the young, etc.]</marc:subfield></marc:datafield><marc:datafield tag="250" ind1=" " ind2=" "><marc:subfield code="a">[Another edition.] Revised by the Rev. Charles Mayo.</marc:subfield></marc:datafield><marc:datafield tag="260" ind1=" " ind2=" "><marc:subfield code="a">London :</marc:subfield><marc:subfield code="b">L. B. Seeley &amp; Sons,</marc:subfield><marc:subfield code="c">1834.</marc:subfield></marc:datafield><marc:datafield tag="300" ind1=" " ind2=" "><marc:subfield code="a">xi, 328 p. ;</marc:subfield><marc:subfield code="c">8º.</marc:subfield></marc:datafield><marc:datafield tag="700" ind1="1" ind2=" "><marc:subfield code="a">MAYO, Charles,</marc:subfield><marc:subfield code="c">L.L.D.</marc:subfield></marc:datafield><marc:datafield tag="787" ind1="0" ind2=" "><marc:subfield code="t">The Teacher; or, Moral Influences employed in the instruction and government of the young, etc.</marc:subfield><marc:subfield code="d">pp. 293. Peirce &amp; Parker: Boston, 1833. 12º.</marc:subfield><marc:subfield code="w">(Uk)MP1.0000004617</marc:subfield></marc:datafield><marc:datafield tag="852" ind1="4" ind2="1"><marc:subfield code="a">British Library</marc:subfield><marc:subfield code="b">HMNTS</marc:subfield><marc:subfield code="j">8306.ccc.22.</marc:subfield></marc:datafield><marc:datafield tag="886" ind1="2" ind2=" "><marc:subfield code="2">blmarc</marc:subfield><marc:subfield code="a">709</marc:subfield><marc:subfield code="b">00</marc:subfield><marc:subfield code="a">MAYO</marc:subfield><marc:subfield code="h">Charles</marc:subfield><marc:subfield code="f">L.L.D.</marc:subfield><marc:subfield code="p">8306.ccc.22.</marc:subfield><marc:subfield code="x">2162910233</marc:subfield></marc:datafield></marc:record>