
<marc:record><marc:leader>01003cam a22001933  4500</marc:leader>
<marc:controlfield tag="001">000004308</marc:controlfield>
<marc:controlfield tag="003">Uk</marc:controlfield><marc:controlfield tag="005">20120203162600.0</marc:controlfield><marc:controlfield tag="008">870813|1836|||||||    ||     ||| ||eng  </marc:controlfield><marc:datafield tag="040" ind1=" " ind2=" "><marc:subfield code="a">Uk</marc:subfield><marc:subfield code="c">Uk</marc:subfield></marc:datafield><marc:datafield tag="100" ind1="1" ind2=" "><marc:subfield code="a">ABBOTT, Jacob.</marc:subfield></marc:datafield><marc:datafield tag="245" ind1="1" ind2="4"><marc:subfield code="a">The Way to do good: or the Christian character mature, etc.</marc:subfield></marc:datafield><marc:datafield tag="260" ind1=" " ind2=" "><marc:subfield code="a">London :</marc:subfield><marc:subfield code="b">T. Tegg &amp; Son,</marc:subfield><marc:subfield code="c">1836.</marc:subfield></marc:datafield><marc:datafield tag="300" ind1=" " ind2=" "><marc:subfield code="a">viii, 486 p. ;</marc:subfield><marc:subfield code="c">16º.</marc:subfield></marc:datafield><marc:datafield tag="775" ind1="0" ind2=" "><marc:subfield code="t">[The Way to do good: or the Christian character mature, etc.]</marc:subfield><marc:subfield code="d">pp. xii. 308. James Dennis: London, 1836. 8º.</marc:subfield><marc:subfield code="w">(Uk)MP1.0000004622.1</marc:subfield></marc:datafield><marc:datafield tag="775" ind1="0" ind2=" "><marc:subfield code="t">[The Way to do good: or the Christian character mature, etc.]</marc:subfield><marc:subfield code="d">pp. 347. Waugh &amp; Innes: Edinburgh, 1836. 12º.</marc:subfield><marc:subfield code="w">(Uk)MP1.0000004622.2</marc:subfield></marc:datafield><marc:datafield tag="775" ind1="0" ind2=" "><marc:subfield code="t">[The Way to do good: or the Christian character mature, etc.]</marc:subfield><marc:subfield code="d">pp. 402. Harper &amp; Bros.: New York, 1852. 8º.</marc:subfield><marc:subfield code="w">(Uk)MP1.0000004622.3</marc:subfield></marc:datafield><marc:datafield tag="775" ind1="0" ind2=" "><marc:subfield code="t">[The Way to do good: or the Christian character mature, etc.]</marc:subfield><marc:subfield code="d">pp. 186. James Blackwood: London, [1860.] 16º.</marc:subfield><marc:subfield code="w">(Uk)MP1.0000004622.4</marc:subfield></marc:datafield><marc:datafield tag="852" ind1="4" ind2="1"><marc:subfield code="a">British Library</marc:subfield><marc:subfield code="b">HMNTS</marc:subfield><marc:subfield code="j">4410.a.1.</marc:subfield></marc:datafield></marc:record>