
<marc:record><marc:leader>00917cam a22002173  4500</marc:leader>
<marc:controlfield tag="001">000004309</marc:controlfield>
<marc:controlfield tag="003">Uk</marc:controlfield><marc:controlfield tag="005">20120708202500.0</marc:controlfield><marc:controlfield tag="008">870813|1836|||||||    ||     ||| |||||  </marc:controlfield><marc:datafield tag="040" ind1=" " ind2=" "><marc:subfield code="a">Uk</marc:subfield><marc:subfield code="c">Uk</marc:subfield></marc:datafield><marc:datafield tag="100" ind1="1" ind2=" "><marc:subfield code="a">ABBOTT, Jacob.</marc:subfield></marc:datafield><marc:datafield tag="245" ind1="1" ind2="5"><marc:subfield code="a">[The Way to do good: or the Christian character mature, etc.]</marc:subfield></marc:datafield><marc:datafield tag="250" ind1=" " ind2=" "><marc:subfield code="a">[Another edition.]</marc:subfield></marc:datafield><marc:datafield tag="260" ind1=" " ind2=" "><marc:subfield code="a">London :</marc:subfield><marc:subfield code="b">James Dennis,</marc:subfield><marc:subfield code="c">1836.</marc:subfield></marc:datafield><marc:datafield tag="300" ind1=" " ind2=" "><marc:subfield code="a">xii, 308 p. ;</marc:subfield><marc:subfield code="c">8º.</marc:subfield></marc:datafield><marc:datafield tag="700" ind1="1" ind2=" "><marc:subfield code="a">MORELL, Thomas,</marc:subfield><marc:subfield code="c">Principal of Coward College, London.</marc:subfield></marc:datafield><marc:datafield tag="700" ind1="0" ind2=" "><marc:subfield code="a">Paul,</marc:subfield><marc:subfield code="c">the Apostle, Saint.</marc:subfield><marc:subfield code="t">Appendix.</marc:subfield></marc:datafield><marc:datafield tag="787" ind1="0" ind2=" "><marc:subfield code="t">The Way to do good: or the Christian character mature, etc.</marc:subfield><marc:subfield code="d">pp. viii. 486. T. Tegg &amp; Son: London, 1836. 16º.</marc:subfield><marc:subfield code="w">(Uk)MP1.0000004622</marc:subfield></marc:datafield><marc:datafield tag="852" ind1="4" ind2="1"><marc:subfield code="a">British Library</marc:subfield><marc:subfield code="b">HMNTS</marc:subfield><marc:subfield code="j">1120.b.18.</marc:subfield></marc:datafield><marc:datafield tag="886" ind1="2" ind2=" "><marc:subfield code="2">blmarc</marc:subfield><marc:subfield code="a">709</marc:subfield><marc:subfield code="b">00</marc:subfield><marc:subfield code="a">MORELL</marc:subfield><marc:subfield code="h">Thomas</marc:subfield><marc:subfield code="f">Principal of Coward College, London</marc:subfield><marc:subfield code="p">1120.b.18.</marc:subfield><marc:subfield code="x">2263370013</marc:subfield></marc:datafield><marc:datafield tag="886" ind1="2" ind2=" "><marc:subfield code="2">blmarc</marc:subfield><marc:subfield code="a">709</marc:subfield><marc:subfield code="b">00</marc:subfield><marc:subfield code="a">PAUL, Saint and Apostle</marc:subfield><marc:subfield code="t">Appendix</marc:subfield><marc:subfield code="p">1120.b.18.</marc:subfield><marc:subfield code="x">2492110184</marc:subfield></marc:datafield></marc:record>