
<marc:record><marc:leader>00937cam a22001933  4500</marc:leader>
<marc:controlfield tag="001">000004313</marc:controlfield>
<marc:controlfield tag="003">Uk</marc:controlfield><marc:controlfield tag="005">20130715184800.0</marc:controlfield><marc:controlfield tag="008">870813|1833||||enk    ||     ||| ||eng  </marc:controlfield><marc:datafield tag="040" ind1=" " ind2=" "><marc:subfield code="a">Uk</marc:subfield><marc:subfield code="c">Uk</marc:subfield></marc:datafield><marc:datafield tag="100" ind1="1" ind2=" "><marc:subfield code="a">ABBOTT, Jacob.</marc:subfield></marc:datafield><marc:datafield tag="245" ind1="1" ind2="4"><marc:subfield code="a">The Young Christian; or, a familiar illustration of the principles of Christian duty. With a preface and corrections by the Rev. J. W. Cunningham.</marc:subfield></marc:datafield><marc:datafield tag="260" ind1=" " ind2=" "><marc:subfield code="a">London :</marc:subfield><marc:subfield code="b">L. B. Seeley &amp; Sons,</marc:subfield><marc:subfield code="c">1833.</marc:subfield></marc:datafield><marc:datafield tag="300" ind1=" " ind2=" "><marc:subfield code="a">xvi, 398 p. ;</marc:subfield><marc:subfield code="c">12º.</marc:subfield></marc:datafield><marc:datafield tag="500" ind1=" " ind2=" "><marc:subfield code="a">The titlepage is engraved.</marc:subfield></marc:datafield><marc:datafield tag="700" ind1="1" ind2=" "><marc:subfield code="a">CUNNINGHAM, John William.</marc:subfield></marc:datafield><marc:datafield tag="775" ind1="0" ind2=" "><marc:subfield code="t">[The Young Christian; or, a familiar illustration of the principles of Christian duty. With a preface and corrections by the Rev. J. W. Cunningham.]</marc:subfield><marc:subfield code="d">pp. xvi. 398. L. B. Seeley &amp; Sons: London, 1833. 12º.</marc:subfield><marc:subfield code="w">(Uk)MP1.0000004623.1</marc:subfield></marc:datafield><marc:datafield tag="852" ind1="4" ind2="1"><marc:subfield code="a">British Library</marc:subfield><marc:subfield code="b">HMNTS</marc:subfield><marc:subfield code="j">1120.b.14.</marc:subfield></marc:datafield><marc:datafield tag="886" ind1="2" ind2=" "><marc:subfield code="2">blmarc</marc:subfield><marc:subfield code="a">709</marc:subfield><marc:subfield code="b">00</marc:subfield><marc:subfield code="a">CUNNINGHAM</marc:subfield><marc:subfield code="h">John William</marc:subfield><marc:subfield code="p">1120.b.14.</marc:subfield><marc:subfield code="x">0742170292</marc:subfield><marc:subfield code="p">845.k.29.</marc:subfield><marc:subfield code="x">0742170306</marc:subfield></marc:datafield></marc:record>