
<marc:record><marc:leader>01480cam a22002293  4500</marc:leader>
<marc:controlfield tag="001">000004315</marc:controlfield>
<marc:controlfield tag="003">Uk</marc:controlfield><marc:controlfield tag="005">20110119132100.0</marc:controlfield><marc:controlfield tag="008">870813|1833|||||||    ||     ||| ||eng  </marc:controlfield><marc:datafield tag="040" ind1=" " ind2=" "><marc:subfield code="a">Uk</marc:subfield><marc:subfield code="c">Uk</marc:subfield></marc:datafield><marc:datafield tag="100" ind1="1" ind2=" "><marc:subfield code="a">ABBOTT, Jacob.</marc:subfield></marc:datafield><marc:datafield tag="245" ind1="1" ind2="4"><marc:subfield code="a">The Young Christian ... With a preface and corrections by the Rev. J. W. Cunningham ... Fourth edition.</marc:subfield></marc:datafield><marc:datafield tag="260" ind1=" " ind2=" "><marc:subfield code="a">pp. xvi. 398. L. B. Seeley &amp; Sons, R. B. Seeley &amp; Burnside; J. Hatchard &amp; Son: London, 1833.</marc:subfield></marc:datafield><marc:datafield tag="300" ind1=" " ind2=" "><marc:subfield code="a">12º.</marc:subfield></marc:datafield><marc:datafield tag="500" ind1=" " ind2=" "><marc:subfield code="a">With an additional titlepage, engraved.</marc:subfield></marc:datafield><marc:datafield tag="700" ind1="1" ind2=" "><marc:subfield code="a">CUNNINGHAM, John William.</marc:subfield></marc:datafield><marc:datafield tag="775" ind1="0" ind2=" "><marc:subfield code="t">[The Young Christian ... With a preface and corrections by the Rev. J. W. Cunningham ... Fourth edition.]</marc:subfield><marc:subfield code="d">pp. 342. Waugh &amp; Innes: Edinburgh, 1834. 12º.</marc:subfield><marc:subfield code="w">(Uk)MP1.0000004624.1</marc:subfield></marc:datafield><marc:datafield tag="775" ind1="0" ind2=" "><marc:subfield code="t">[The Young Christian ... With a preface and corrections by the Rev. J. W. Cunningham ... Fourth edition.]</marc:subfield><marc:subfield code="d">pp. 256. Houlston &amp; Stoneman: London, [1834.] 8º.</marc:subfield><marc:subfield code="w">(Uk)MP1.0000004624.2</marc:subfield></marc:datafield><marc:datafield tag="775" ind1="0" ind2=" "><marc:subfield code="t">[The Young Christian ... With a preface and corrections by the Rev. J. W. Cunningham ... Fourth edition.]</marc:subfield><marc:subfield code="d">pp. 342. T. Nelson &amp; Sons: London, 1860. 8º.</marc:subfield><marc:subfield code="w">(Uk)MP1.0000004624.3</marc:subfield></marc:datafield><marc:datafield tag="775" ind1="0" ind2=" "><marc:subfield code="t">[The Young Christian ... With a preface and corrections by the Rev. J. W. Cunningham ... Fourth edition.]</marc:subfield><marc:subfield code="d">pp. ii. 303. James Blackwood: London, [1860.] 16º.</marc:subfield><marc:subfield code="w">(Uk)MP1.0000004624.4</marc:subfield></marc:datafield><marc:datafield tag="852" ind1="4" ind2="1"><marc:subfield code="a">British Library</marc:subfield><marc:subfield code="b">HMNTS</marc:subfield><marc:subfield code="j">1508/815.</marc:subfield></marc:datafield><marc:datafield tag="886" ind1="2" ind2=" "><marc:subfield code="2">blmarc</marc:subfield><marc:subfield code="a">709</marc:subfield><marc:subfield code="b">00</marc:subfield><marc:subfield code="a">CUNNINGHAM</marc:subfield><marc:subfield code="h">John William</marc:subfield><marc:subfield code="p">1508/815.</marc:subfield><marc:subfield code="x">0742170306</marc:subfield><marc:subfield code="p">4407.aa.48.</marc:subfield><marc:subfield code="x">0742170306</marc:subfield></marc:datafield></marc:record>