
<marc:record><marc:leader>00734cam a22001693  4500</marc:leader>
<marc:controlfield tag="001">000004317</marc:controlfield>
<marc:controlfield tag="003">Uk</marc:controlfield><marc:controlfield tag="005">20120120152500.0</marc:controlfield><marc:controlfield tag="008">870813|1834|||||||    ||     ||| |||||  </marc:controlfield><marc:datafield tag="040" ind1=" " ind2=" "><marc:subfield code="a">Uk</marc:subfield><marc:subfield code="c">Uk</marc:subfield></marc:datafield><marc:datafield tag="100" ind1="1" ind2=" "><marc:subfield code="a">ABBOTT, Jacob.</marc:subfield></marc:datafield><marc:datafield tag="245" ind1="1" ind2="5"><marc:subfield code="a">[The Young Christian ... With a preface and corrections by the Rev. J. W. Cunningham ... Fourth edition.]</marc:subfield></marc:datafield><marc:datafield tag="250" ind1=" " ind2=" "><marc:subfield code="a">[Another edition.]</marc:subfield></marc:datafield><marc:datafield tag="260" ind1=" " ind2=" "><marc:subfield code="a">London :</marc:subfield><marc:subfield code="b">Houlston &amp; Stoneman,</marc:subfield><marc:subfield code="c">[1834]</marc:subfield></marc:datafield><marc:datafield tag="300" ind1=" " ind2=" "><marc:subfield code="a">256 p. ;</marc:subfield><marc:subfield code="c">8º.</marc:subfield></marc:datafield><marc:datafield tag="787" ind1="0" ind2=" "><marc:subfield code="t">The Young Christian ... With a preface and corrections by the Rev. J. W. Cunningham ... Fourth edition.</marc:subfield><marc:subfield code="d">pp. xvi. 398. L. B. Seeley &amp; Sons, R. B. Seeley &amp; Burnside; J. Hatchard &amp; Son: London, 1833. 12º.</marc:subfield><marc:subfield code="w">(Uk)MP1.0000004624</marc:subfield></marc:datafield><marc:datafield tag="852" ind1="4" ind2="1"><marc:subfield code="a">British Library</marc:subfield><marc:subfield code="b">HMNTS</marc:subfield><marc:subfield code="j">4404.aa.61.</marc:subfield></marc:datafield></marc:record>