
<marc:record><marc:leader>00911cam a22001933  4500</marc:leader>
<marc:controlfield tag="001">000004319</marc:controlfield>
<marc:controlfield tag="003">Uk</marc:controlfield><marc:controlfield tag="005">20130523175500.0</marc:controlfield><marc:controlfield tag="008">870813|1860||||enk    ||     ||| |||||  </marc:controlfield><marc:datafield tag="040" ind1=" " ind2=" "><marc:subfield code="a">Uk</marc:subfield><marc:subfield code="c">Uk</marc:subfield></marc:datafield><marc:datafield tag="100" ind1="1" ind2=" "><marc:subfield code="a">ABBOTT, Jacob.</marc:subfield></marc:datafield><marc:datafield tag="245" ind1="1" ind2="5"><marc:subfield code="a">[The Young Christian ... With a preface and corrections by the Rev. J. W. Cunningham ... Fourth edition.]</marc:subfield></marc:datafield><marc:datafield tag="250" ind1=" " ind2=" "><marc:subfield code="a">A new edition, edited by ... J. W. Cunningham.</marc:subfield></marc:datafield><marc:datafield tag="260" ind1=" " ind2=" "><marc:subfield code="a">London :</marc:subfield><marc:subfield code="b">James Blackwood,</marc:subfield><marc:subfield code="c">[1860]</marc:subfield></marc:datafield><marc:datafield tag="300" ind1=" " ind2=" "><marc:subfield code="a">ii, 303 p. ;</marc:subfield><marc:subfield code="c">16º.</marc:subfield></marc:datafield><marc:datafield tag="700" ind1="1" ind2=" "><marc:subfield code="a">CUNNINGHAM, John William.</marc:subfield></marc:datafield><marc:datafield tag="787" ind1="0" ind2=" "><marc:subfield code="t">The Young Christian ... With a preface and corrections by the Rev. J. W. Cunningham ... Fourth edition.</marc:subfield><marc:subfield code="d">pp. xvi. 398. L. B. Seeley &amp; Sons, R. B. Seeley &amp; Burnside; J. Hatchard &amp; Son: London, 1833. 12º.</marc:subfield><marc:subfield code="w">(Uk)MP1.0000004624</marc:subfield></marc:datafield><marc:datafield tag="852" ind1="4" ind2="1"><marc:subfield code="a">British Library</marc:subfield><marc:subfield code="b">HMNTS</marc:subfield><marc:subfield code="j">4407.aa.48.</marc:subfield></marc:datafield><marc:datafield tag="886" ind1="2" ind2=" "><marc:subfield code="2">blmarc</marc:subfield><marc:subfield code="a">709</marc:subfield><marc:subfield code="b">00</marc:subfield><marc:subfield code="a">CUNNINGHAM</marc:subfield><marc:subfield code="h">John William</marc:subfield><marc:subfield code="p">1508/815.</marc:subfield><marc:subfield code="x">0742170306</marc:subfield><marc:subfield code="p">4407.aa.48.</marc:subfield><marc:subfield code="x">0742170306</marc:subfield></marc:datafield></marc:record>