
<marc:record><marc:leader>00735cam a22001573  4500</marc:leader>
<marc:controlfield tag="001">000004332</marc:controlfield>
<marc:controlfield tag="003">Uk</marc:controlfield><marc:controlfield tag="005">20130508174800.0</marc:controlfield><marc:controlfield tag="008">870813|1831||||enk    ||     ||| |||||  </marc:controlfield><marc:datafield tag="040" ind1=" " ind2=" "><marc:subfield code="a">Uk</marc:subfield><marc:subfield code="c">Uk</marc:subfield></marc:datafield><marc:datafield tag="100" ind1="1" ind2=" "><marc:subfield code="a">ABBOTT, James,</marc:subfield><marc:subfield code="c">of Queen's College, Cambridge.</marc:subfield></marc:datafield><marc:datafield tag="245" ind1="1" ind2="2"><marc:subfield code="a">A History of the Roman and English Hierarchies; with an examination of the assumptions, abuses, and intolerance of episcopacy.</marc:subfield></marc:datafield><marc:datafield tag="260" ind1=" " ind2=" "><marc:subfield code="a">London :</marc:subfield><marc:subfield code="b">Simpkin &amp; Marshall,</marc:subfield><marc:subfield code="c">1831.</marc:subfield></marc:datafield><marc:datafield tag="300" ind1=" " ind2=" "><marc:subfield code="a">xxxii, 356 p. ;</marc:subfield><marc:subfield code="c">8º.</marc:subfield></marc:datafield><marc:datafield tag="775" ind1="0" ind2=" "><marc:subfield code="t">[A History of the Roman and English Hierarchies; with an examination of the assumptions, abuses, and intolerance of episcopacy.]</marc:subfield><marc:subfield code="d">pp. xxxii. 356. William Strange: London, 1833. 8º.</marc:subfield><marc:subfield code="w">(Uk)MP1.0000004638.1</marc:subfield></marc:datafield><marc:datafield tag="852" ind1="4" ind2="1"><marc:subfield code="a">British Library</marc:subfield><marc:subfield code="b">HMNTS</marc:subfield><marc:subfield code="j">488.d.22.</marc:subfield></marc:datafield></marc:record>