
<marc:record><marc:leader>00766cam a22001693  4500</marc:leader>
<marc:controlfield tag="001">000004333</marc:controlfield>
<marc:controlfield tag="003">Uk</marc:controlfield><marc:controlfield tag="005">20120203162600.0</marc:controlfield><marc:controlfield tag="008">870813|1833|||||||    ||     ||| |||||  </marc:controlfield><marc:datafield tag="040" ind1=" " ind2=" "><marc:subfield code="a">Uk</marc:subfield><marc:subfield code="c">Uk</marc:subfield></marc:datafield><marc:datafield tag="100" ind1="1" ind2=" "><marc:subfield code="a">ABBOTT, James,</marc:subfield><marc:subfield code="c">of Queen's College, Cambridge.</marc:subfield></marc:datafield><marc:datafield tag="245" ind1="1" ind2="3"><marc:subfield code="a">[A History of the Roman and English Hierarchies; with an examination of the assumptions, abuses, and intolerance of episcopacy.]</marc:subfield></marc:datafield><marc:datafield tag="250" ind1=" " ind2=" "><marc:subfield code="a">Second edition.</marc:subfield></marc:datafield><marc:datafield tag="260" ind1=" " ind2=" "><marc:subfield code="a">London :</marc:subfield><marc:subfield code="b">William Strange,</marc:subfield><marc:subfield code="c">1833.</marc:subfield></marc:datafield><marc:datafield tag="300" ind1=" " ind2=" "><marc:subfield code="a">xxxii, 356 p. ;</marc:subfield><marc:subfield code="c">8º.</marc:subfield></marc:datafield><marc:datafield tag="787" ind1="0" ind2=" "><marc:subfield code="t">A History of the Roman and English Hierarchies; with an examination of the assumptions, abuses, and intolerance of episcopacy.</marc:subfield><marc:subfield code="d">pp. xxxii. 356. Simpkin &amp; Marshall: London, 1831. 8º.</marc:subfield><marc:subfield code="w">(Uk)MP1.0000004638</marc:subfield></marc:datafield><marc:datafield tag="852" ind1="4" ind2="1"><marc:subfield code="a">British Library</marc:subfield><marc:subfield code="b">HMNTS</marc:subfield><marc:subfield code="j">4705.cc.6.</marc:subfield></marc:datafield></marc:record>