
<marc:record><marc:leader>01381cam a2200229   4500</marc:leader>
<marc:controlfield tag="001">000004336</marc:controlfield>
<marc:controlfield tag="003">Uk</marc:controlfield><marc:controlfield tag="005">20110228153437.0</marc:controlfield><marc:controlfield tag="008">930623s1843    enk    ||     ||| ||eng  </marc:controlfield><marc:datafield tag="040" ind1=" " ind2=" "><marc:subfield code="a">Uk</marc:subfield><marc:subfield code="c">Uk</marc:subfield></marc:datafield><marc:datafield tag="042" ind1=" " ind2=" "><marc:subfield code="a">ukblsr</marc:subfield></marc:datafield><marc:datafield tag="100" ind1="1" ind2=" "><marc:subfield code="a">Abbott, James,</marc:subfield><marc:subfield code="c">Sir,</marc:subfield><marc:subfield code="d">1807-1896.</marc:subfield></marc:datafield><marc:datafield tag="245" ind1="1" ind2="0"><marc:subfield code="a">Narrative of a journey from Heraut to Khiva, Moscow and St. Petersburgh, during the late Russian invasion of Khiva :</marc:subfield><marc:subfield code="b">with some account of the court of Khiva and the kingdom of Khaurism /</marc:subfield><marc:subfield code="c">by James Abbott.</marc:subfield></marc:datafield><marc:datafield tag="260" ind1=" " ind2=" "><marc:subfield code="a">London :</marc:subfield><marc:subfield code="b">W.H. Allen &amp; Co.,</marc:subfield><marc:subfield code="c">1843.</marc:subfield></marc:datafield><marc:datafield tag="300" ind1=" " ind2=" "><marc:subfield code="a">2 v. ;</marc:subfield><marc:subfield code="c">23 cm. (8º)</marc:subfield></marc:datafield><marc:datafield tag="651" ind1=" " ind2="0"><marc:subfield code="a">Khiva (Uzbekistan)</marc:subfield><marc:subfield code="x">Description and travel.</marc:subfield></marc:datafield><marc:datafield tag="651" ind1=" " ind2="0"><marc:subfield code="a">Afghanistan</marc:subfield><marc:subfield code="x">Description and travel.</marc:subfield></marc:datafield><marc:datafield tag="775" ind1="0" ind2=" "><marc:subfield code="t">[Narrative of a journey from Heraut to Khiva, Moscow and St. Petersburgh, during the late Russian invasion of Khiva. With some account of the court of Khiva and the kingdom of Khaurism.]</marc:subfield><marc:subfield code="w">(Uk)MP1.0000004641.2</marc:subfield><marc:subfield code="d">2 vol. James Madden: London, 1856. 8º.</marc:subfield></marc:datafield><marc:datafield tag="775" ind1="0" ind2=" "><marc:subfield code="t">[Narrative of a journey from Heraut to Khiva, Moscow and St. Petersburgh, during the late Russian invasion of Khiva. With some account of the court of Khiva and the kingdom of Khaurism.]</marc:subfield><marc:subfield code="w">(Uk)MP1.0000004641.4</marc:subfield><marc:subfield code="d">2 vol. W. H. Allen &amp; Co.: London, 1884. 8º.</marc:subfield></marc:datafield><marc:datafield tag="852" ind1="4" ind2="1"><marc:subfield code="a">British Library</marc:subfield><marc:subfield code="b">HMNTS</marc:subfield><marc:subfield code="j">1425.e.13.</marc:subfield></marc:datafield><marc:datafield tag="852" ind1="4" ind2="1"><marc:subfield code="a">British Library</marc:subfield><marc:subfield code="b">OC</marc:subfield><marc:subfield code="j">T 5018</marc:subfield><marc:subfield code="3">[Another copy.]***Held in OIOC.</marc:subfield></marc:datafield><marc:datafield tag="852" ind1="4" ind2="1"><marc:subfield code="a">British Library</marc:subfield><marc:subfield code="b">OC</marc:subfield><marc:subfield code="j">IOL.1947.a.1801</marc:subfield></marc:datafield></marc:record>