
<marc:record><marc:leader>00854cam a22001693  4500</marc:leader>
<marc:controlfield tag="001">000004338</marc:controlfield>
<marc:controlfield tag="003">Uk</marc:controlfield><marc:controlfield tag="005">20130521172200.0</marc:controlfield><marc:controlfield tag="008">930623|1884||||enk    ||     ||| |||||  </marc:controlfield><marc:datafield tag="040" ind1=" " ind2=" "><marc:subfield code="a">Uk</marc:subfield><marc:subfield code="c">Uk</marc:subfield></marc:datafield><marc:datafield tag="100" ind1="1" ind2=" "><marc:subfield code="a">Abbott, James,</marc:subfield><marc:subfield code="c">Sir,</marc:subfield><marc:subfield code="d">1807-1896.</marc:subfield></marc:datafield><marc:datafield tag="245" ind1="1" ind2="0"><marc:subfield code="a">[Narrative of a journey from Heraut to Khiva, Moscow and St. Petersburgh, during the late Russian invasion of Khiva. With some account of the court of Khiva and the kingdom of Khaurism.]</marc:subfield></marc:datafield><marc:datafield tag="250" ind1=" " ind2=" "><marc:subfield code="a">Third edition.</marc:subfield></marc:datafield><marc:datafield tag="260" ind1=" " ind2=" "><marc:subfield code="a">London :</marc:subfield><marc:subfield code="b">W. H. Allen &amp; Co.,</marc:subfield><marc:subfield code="c">1884.</marc:subfield></marc:datafield><marc:datafield tag="300" ind1=" " ind2=" "><marc:subfield code="a">2 vol. ;</marc:subfield><marc:subfield code="c">8º.</marc:subfield></marc:datafield><marc:datafield tag="787" ind1="0" ind2=" "><marc:subfield code="t">Narrative of a journey from Heraut to Khiva, Moscow and St. Petersburgh, during the late Russian invasion of Khiva. With some account of the court of Khiva and the kingdom of Khaurism.</marc:subfield><marc:subfield code="d">2 vol. W. H. Allen &amp; Co.: London, 1843. 8º.</marc:subfield><marc:subfield code="w">(Uk)MP1.0000004641</marc:subfield></marc:datafield><marc:datafield tag="852" ind1="4" ind2="1"><marc:subfield code="a">British Library</marc:subfield><marc:subfield code="b">HMNTS</marc:subfield><marc:subfield code="j">010026.h.23.</marc:subfield></marc:datafield></marc:record>