
<marc:record><marc:leader>00814cam a22001813  4500</marc:leader>
<marc:controlfield tag="001">000004392</marc:controlfield>
<marc:controlfield tag="003">Uk</marc:controlfield><marc:controlfield tag="005">20110119132100.0</marc:controlfield><marc:controlfield tag="008">870813|1874|||||||    ||     ||| |||||  </marc:controlfield><marc:datafield tag="040" ind1=" " ind2=" "><marc:subfield code="a">Uk</marc:subfield><marc:subfield code="c">Uk</marc:subfield></marc:datafield><marc:datafield tag="100" ind1="1" ind2=" "><marc:subfield code="a">ABBOTT, John Stevens Cabot.</marc:subfield></marc:datafield><marc:datafield tag="245" ind1="1" ind2="0"><marc:subfield code="a">Captain William Kidd, and others of the pirates or buccaneers who ravaged the seas, the islands, and the continents of America two hundred years ago ... Illustrated.</marc:subfield></marc:datafield><marc:datafield tag="260" ind1=" " ind2=" "><marc:subfield code="a">pp. xi. 10-373. Dodd &amp; Mead: New York, 1874.</marc:subfield></marc:datafield><marc:datafield tag="300" ind1=" " ind2=" "><marc:subfield code="a">8º.</marc:subfield></marc:datafield><marc:datafield tag="700" ind1="1" ind2=" "><marc:subfield code="a">KIDD, William,</marc:subfield><marc:subfield code="c">the Buccaneer.</marc:subfield></marc:datafield><marc:datafield tag="787" ind1="0" ind2=" "><marc:subfield code="t">The Buccaneer Chiefs; or, Captain Kidd and the pirates of America, etc.</marc:subfield><marc:subfield code="d">Ward, Lock &amp; Co.: London, [1880.] 8º.</marc:subfield><marc:subfield code="w">(Uk)MP1.0000004696.1</marc:subfield></marc:datafield><marc:datafield tag="852" ind1="4" ind2="1"><marc:subfield code="a">British Library</marc:subfield><marc:subfield code="b">HMNTS</marc:subfield><marc:subfield code="j">10881.de.28.</marc:subfield></marc:datafield><marc:datafield tag="886" ind1="2" ind2=" "><marc:subfield code="2">blmarc</marc:subfield><marc:subfield code="a">709</marc:subfield><marc:subfield code="b">00</marc:subfield><marc:subfield code="a">KIDD</marc:subfield><marc:subfield code="h">William</marc:subfield><marc:subfield code="f">the Buccaneer</marc:subfield><marc:subfield code="p">10881.de.28.</marc:subfield><marc:subfield code="x">1740680103</marc:subfield></marc:datafield></marc:record>