
<marc:record><marc:leader>00902cam a22001933  4500</marc:leader>
<marc:controlfield tag="001">000004396</marc:controlfield>
<marc:controlfield tag="003">Uk</marc:controlfield><marc:controlfield tag="005">20130508174800.0</marc:controlfield><marc:controlfield tag="008">870813|1879||||enk    ||     ||| |||||  </marc:controlfield><marc:datafield tag="040" ind1=" " ind2=" "><marc:subfield code="a">Uk</marc:subfield><marc:subfield code="c">Uk</marc:subfield></marc:datafield><marc:datafield tag="100" ind1="1" ind2=" "><marc:subfield code="a">ABBOTT, John Stevens Cabot.</marc:subfield></marc:datafield><marc:datafield tag="245" ind1="1" ind2="0"><marc:subfield code="a">[Christopher Carson. Familiarly known as Kit Carson ... With illustrations by Eleanor Greatorex.]</marc:subfield></marc:datafield><marc:datafield tag="250" ind1=" " ind2=" "><marc:subfield code="a">[Another edition.] The Hero of the Prairies; or, the Story of Kit Carson ... With illustrations.</marc:subfield></marc:datafield><marc:datafield tag="260" ind1=" " ind2=" "><marc:subfield code="a">London :</marc:subfield><marc:subfield code="b">Ward, Lock &amp; Co.,</marc:subfield><marc:subfield code="c">[1879]</marc:subfield></marc:datafield><marc:datafield tag="300" ind1=" " ind2=" "><marc:subfield code="a">x, 348 p. ;</marc:subfield><marc:subfield code="c">8º.</marc:subfield></marc:datafield><marc:datafield tag="700" ind1="1" ind2=" "><marc:subfield code="a">Carson, Christopher.</marc:subfield></marc:datafield><marc:datafield tag="787" ind1="0" ind2=" "><marc:subfield code="t">Christopher Carson. Familiarly known as Kit Carson ... With illustrations by Eleanor Greatorex.</marc:subfield><marc:subfield code="d">pp. x. 10-342. Dodd &amp; Mead: New York, 1873. 8º.</marc:subfield><marc:subfield code="w">(Uk)MP1.0000004698</marc:subfield></marc:datafield><marc:datafield tag="852" ind1="4" ind2="1"><marc:subfield code="a">British Library</marc:subfield><marc:subfield code="b">HMNTS</marc:subfield><marc:subfield code="j">12707.ff.11.</marc:subfield></marc:datafield><marc:datafield tag="886" ind1="2" ind2=" "><marc:subfield code="2">blmarc</marc:subfield><marc:subfield code="a">709</marc:subfield><marc:subfield code="b">00</marc:subfield><marc:subfield code="a">CARSON</marc:subfield><marc:subfield code="h">Christopher</marc:subfield><marc:subfield code="p">10881.de.25.</marc:subfield><marc:subfield code="x">0550050140</marc:subfield><marc:subfield code="p">12707.ff.11.</marc:subfield><marc:subfield code="x">0550050159</marc:subfield></marc:datafield></marc:record>