
<marc:record><marc:leader>00661cam a22001813  4500</marc:leader>
<marc:controlfield tag="001">000004398</marc:controlfield>
<marc:controlfield tag="003">Uk</marc:controlfield><marc:controlfield tag="005">20130508174800.0</marc:controlfield><marc:controlfield tag="008">870813|1879||||enk    ||     ||| |||||  </marc:controlfield><marc:datafield tag="040" ind1=" " ind2=" "><marc:subfield code="a">Uk</marc:subfield><marc:subfield code="c">Uk</marc:subfield></marc:datafield><marc:datafield tag="100" ind1="1" ind2=" "><marc:subfield code="a">ABBOTT, John Stevens Cabot.</marc:subfield></marc:datafield><marc:datafield tag="245" ind1="1" ind2="0"><marc:subfield code="a">Boone the Backwoodsman, etc.</marc:subfield></marc:datafield><marc:datafield tag="260" ind1=" " ind2=" "><marc:subfield code="a">London :</marc:subfield><marc:subfield code="b">Ward, Lock &amp; Co.,</marc:subfield><marc:subfield code="c">[1879]</marc:subfield></marc:datafield><marc:datafield tag="300" ind1=" " ind2=" "><marc:subfield code="c">8º.</marc:subfield></marc:datafield><marc:datafield tag="700" ind1="1" ind2=" "><marc:subfield code="a">BOONE, Daniel.</marc:subfield></marc:datafield><marc:datafield tag="787" ind1="0" ind2=" "><marc:subfield code="t">Daniel Boone the Pioneer of Kentucky ... Illustrated.</marc:subfield><marc:subfield code="d">pp. 331. Dodd &amp; Mead: New York, 1872. 8º.</marc:subfield><marc:subfield code="w">(Uk)MP1.0000004699</marc:subfield></marc:datafield><marc:datafield tag="852" ind1="4" ind2="1"><marc:subfield code="a">British Library</marc:subfield><marc:subfield code="b">HMNTS</marc:subfield><marc:subfield code="j">12707.ff.12.</marc:subfield><marc:subfield code="3">[A reissue.]</marc:subfield></marc:datafield><marc:datafield tag="886" ind1="2" ind2=" "><marc:subfield code="2">blmarc</marc:subfield><marc:subfield code="a">709</marc:subfield><marc:subfield code="b">00</marc:subfield><marc:subfield code="a">BOONE</marc:subfield><marc:subfield code="h">Daniel</marc:subfield><marc:subfield code="p">10881.de.26.</marc:subfield><marc:subfield code="x">0374010102</marc:subfield><marc:subfield code="p">12707.ff.12.</marc:subfield><marc:subfield code="x">0374010102</marc:subfield></marc:datafield></marc:record>