
<marc:record><marc:leader>01075cam a22002293  4500</marc:leader>
<marc:controlfield tag="001">000004422</marc:controlfield>
<marc:controlfield tag="003">Uk</marc:controlfield><marc:controlfield tag="005">20130111044800.0</marc:controlfield><marc:controlfield tag="008">870813|1882|||||||    ||     ||| |||||  </marc:controlfield><marc:datafield tag="040" ind1=" " ind2=" "><marc:subfield code="a">Uk</marc:subfield><marc:subfield code="c">Uk</marc:subfield></marc:datafield><marc:datafield tag="100" ind1="1" ind2=" "><marc:subfield code="a">ABBOTT, John Stevens Cabot.</marc:subfield></marc:datafield><marc:datafield tag="245" ind1="1" ind2="5"><marc:subfield code="a">[The Life of Napoleon Bonaparte.]</marc:subfield></marc:datafield><marc:datafield tag="250" ind1=" " ind2=" "><marc:subfield code="a">[Another edition.] With biographies of the Bonaparte Family and Napoleon the Third.</marc:subfield></marc:datafield><marc:datafield tag="260" ind1=" " ind2=" "><marc:subfield code="a">pp. ix. 627. 102. pl. 31. Ward, Lock &amp; Co.: London, [1882, 83.]</marc:subfield></marc:datafield><marc:datafield tag="300" ind1=" " ind2=" "><marc:subfield code="a">8º.</marc:subfield></marc:datafield><marc:datafield tag="700" ind1="0" ind2=" "><marc:subfield code="a">Napoleon</marc:subfield><marc:subfield code="b">I,</marc:subfield><marc:subfield code="c">Emperor of the French,</marc:subfield><marc:subfield code="d">1769-1821.</marc:subfield><marc:subfield code="t">Biography. I. General Biography.</marc:subfield></marc:datafield><marc:datafield tag="720" ind1=" " ind2=" "><marc:subfield code="a">BONAPARTE, Family of</marc:subfield></marc:datafield><marc:datafield tag="787" ind1="0" ind2=" "><marc:subfield code="t">The Life of Napoleon Bonaparte.</marc:subfield><marc:subfield code="d">pp. 606. London, 1860. 8º.</marc:subfield><marc:subfield code="w">(Uk)MP1.0000004720</marc:subfield></marc:datafield><marc:datafield tag="852" ind1="4" ind2="1"><marc:subfield code="a">British Library</marc:subfield><marc:subfield code="b">HMNTS</marc:subfield><marc:subfield code="j">10658.dd.11.</marc:subfield></marc:datafield><marc:datafield tag="886" ind1="2" ind2=" "><marc:subfield code="2">blmarc</marc:subfield><marc:subfield code="a">709</marc:subfield><marc:subfield code="b">00</marc:subfield><marc:subfield code="a">BONAPARTE, Family of</marc:subfield><marc:subfield code="p">10658.dd.11.</marc:subfield><marc:subfield code="x">0370250265</marc:subfield></marc:datafield><marc:datafield tag="886" ind1="2" ind2=" "><marc:subfield code="2">blmarc</marc:subfield><marc:subfield code="a">709</marc:subfield><marc:subfield code="b">00</marc:subfield><marc:subfield code="a">NAPOLEON I., Emperor of the French</marc:subfield><marc:subfield code="t">Biography</marc:subfield><marc:subfield code="t">I. General Biography</marc:subfield><marc:subfield code="p">10658.dd.11.</marc:subfield><marc:subfield code="x">2320930221</marc:subfield></marc:datafield><marc:datafield tag="886" ind1="2" ind2=" "><marc:subfield code="2">blmarc</marc:subfield><marc:subfield code="a">709</marc:subfield><marc:subfield code="b">00</marc:subfield><marc:subfield code="a">NAPOLEON III., Emperor of the French</marc:subfield><marc:subfield code="t">Biography</marc:subfield><marc:subfield code="t">I. General</marc:subfield><marc:subfield code="p">10658.dd.11.</marc:subfield><marc:subfield code="x">2321640014</marc:subfield></marc:datafield></marc:record>