
<marc:record><marc:leader>00691cam a22001693  4500</marc:leader>
<marc:controlfield tag="001">000004429</marc:controlfield>
<marc:controlfield tag="003">Uk</marc:controlfield><marc:controlfield tag="005">20110119132100.0</marc:controlfield><marc:controlfield tag="008">870813|1872|||||||    ||     ||| |||||  </marc:controlfield><marc:datafield tag="040" ind1=" " ind2=" "><marc:subfield code="a">Uk</marc:subfield><marc:subfield code="c">Uk</marc:subfield></marc:datafield><marc:datafield tag="100" ind1="1" ind2=" "><marc:subfield code="a">ABBOTT, John Stevens Cabot.</marc:subfield></marc:datafield><marc:datafield tag="245" ind1="1" ind2="5"><marc:subfield code="a">[The Monarchies of Continental Europe. The Empire of Russia; from the remotest periods to the present time.]</marc:subfield></marc:datafield><marc:datafield tag="250" ind1=" " ind2=" "><marc:subfield code="a">[Another edition.]</marc:subfield></marc:datafield><marc:datafield tag="260" ind1=" " ind2=" "><marc:subfield code="a">Boston :</marc:subfield><marc:subfield code="b">B. B. Russell,</marc:subfield><marc:subfield code="c">1872.</marc:subfield></marc:datafield><marc:datafield tag="300" ind1=" " ind2=" "><marc:subfield code="a">546 p. ;</marc:subfield><marc:subfield code="c">8º.</marc:subfield></marc:datafield><marc:datafield tag="787" ind1="0" ind2=" "><marc:subfield code="t">The Monarchies of Continental Europe. The Empire of Russia; from the remotest periods to the present time.</marc:subfield><marc:subfield code="d">pp. 528. Mason Bros.: New York, 1860. 8º.</marc:subfield><marc:subfield code="w">(Uk)MP1.0000004725</marc:subfield></marc:datafield><marc:datafield tag="852" ind1="4" ind2="1"><marc:subfield code="a">British Library</marc:subfield><marc:subfield code="b">HMNTS</marc:subfield><marc:subfield code="j">9455.bbb.17.</marc:subfield></marc:datafield></marc:record>