
<marc:record><marc:leader>00957cam a22001813  4500</marc:leader>
<marc:controlfield tag="001">000004430</marc:controlfield>
<marc:controlfield tag="003">Uk</marc:controlfield><marc:controlfield tag="005">20130503191800.0</marc:controlfield><marc:controlfield tag="008">870813|1830||||enk    ||     ||| ||eng  </marc:controlfield><marc:datafield tag="040" ind1=" " ind2=" "><marc:subfield code="a">Uk</marc:subfield><marc:subfield code="c">Uk</marc:subfield></marc:datafield><marc:datafield tag="100" ind1="1" ind2=" "><marc:subfield code="a">ABBOTT, John Stevens Cabot.</marc:subfield></marc:datafield><marc:datafield tag="245" ind1="1" ind2="4"><marc:subfield code="a">The Mother at Home; or, the principles of maternal duty, familiarly illustrated. Revised.</marc:subfield></marc:datafield><marc:datafield tag="260" ind1=" " ind2=" "><marc:subfield code="a">London :</marc:subfield><marc:subfield code="b">R.T.S.,</marc:subfield><marc:subfield code="c">[1830?]</marc:subfield></marc:datafield><marc:datafield tag="300" ind1=" " ind2=" "><marc:subfield code="a">134 p. ;</marc:subfield><marc:subfield code="c">12º.</marc:subfield></marc:datafield><marc:datafield tag="775" ind1="0" ind2=" "><marc:subfield code="t">[The Mother at Home; or, the principles of maternal duty, familiarly illustrated. Revised.]</marc:subfield><marc:subfield code="d">pp. 141. R.T.S.: London, [1830?] 12º.</marc:subfield><marc:subfield code="w">(Uk)MP1.0000004726.1</marc:subfield></marc:datafield><marc:datafield tag="775" ind1="0" ind2=" "><marc:subfield code="t">[The Mother at Home; or, the principles of maternal duty, familiarly illustrated. Revised.]</marc:subfield><marc:subfield code="d">pp. 108. W. R. M'Phun: Glasgow, 1856. 12º.</marc:subfield><marc:subfield code="w">(Uk)MP1.0000004726.2</marc:subfield></marc:datafield><marc:datafield tag="775" ind1="0" ind2=" "><marc:subfield code="t">[The Mother at Home; or, the principles of maternal duty, familiarly illustrated. Revised.]</marc:subfield><marc:subfield code="d">pp. 125. R.T.S.: London, [1879.] 8º.</marc:subfield><marc:subfield code="w">(Uk)MP1.0000004726.3</marc:subfield></marc:datafield><marc:datafield tag="852" ind1="4" ind2="1"><marc:subfield code="a">British Library</marc:subfield><marc:subfield code="b">HMNTS</marc:subfield><marc:subfield code="j">864.l.25.</marc:subfield></marc:datafield></marc:record>