
<marc:record><marc:leader>00798cam a22001933  4500</marc:leader>
<marc:controlfield tag="001">000004434</marc:controlfield>
<marc:controlfield tag="003">Uk</marc:controlfield><marc:controlfield tag="005">20111222151700.0</marc:controlfield><marc:controlfield tag="008">870813|1836|||||||    ||     ||| |||||  </marc:controlfield><marc:datafield tag="040" ind1=" " ind2=" "><marc:subfield code="a">Uk</marc:subfield><marc:subfield code="c">Uk</marc:subfield></marc:datafield><marc:datafield tag="100" ind1="1" ind2=" "><marc:subfield code="a">ABBOTT, John Stevens Cabot.</marc:subfield></marc:datafield><marc:datafield tag="245" ind1="1" ind2="5"><marc:subfield code="a">[The Mother at Home.] Y fam gartref; neu Egwyddorion y ddyledswydd famaidd yn cael eu hegluro ... Wedi ei gyfieithu gan R. Thomas a J. Williams ... Yr ail argraffiad.</marc:subfield></marc:datafield><marc:datafield tag="260" ind1=" " ind2=" "><marc:subfield code="a">Llanelli :</marc:subfield><marc:subfield code="b">R. A. Thomas,</marc:subfield><marc:subfield code="c">1836.</marc:subfield></marc:datafield><marc:datafield tag="300" ind1=" " ind2=" "><marc:subfield code="a">108 p. ;</marc:subfield><marc:subfield code="c">12º.</marc:subfield></marc:datafield><marc:datafield tag="700" ind1="1" ind2=" "><marc:subfield code="a">THOMAS, Robert,</marc:subfield><marc:subfield code="c">Student.</marc:subfield></marc:datafield><marc:datafield tag="700" ind1="1" ind2=" "><marc:subfield code="a">WILLIAMS, Joseph,</marc:subfield><marc:subfield code="c">Student, of Newtown.</marc:subfield></marc:datafield><marc:datafield tag="852" ind1="4" ind2="1"><marc:subfield code="a">British Library</marc:subfield><marc:subfield code="b">HMNTS</marc:subfield><marc:subfield code="j">875.d.40.</marc:subfield></marc:datafield><marc:datafield tag="886" ind1="2" ind2=" "><marc:subfield code="2">blmarc</marc:subfield><marc:subfield code="a">709</marc:subfield><marc:subfield code="b">00</marc:subfield><marc:subfield code="a">THOMAS</marc:subfield><marc:subfield code="h">Robert</marc:subfield><marc:subfield code="f">Student</marc:subfield><marc:subfield code="p">875.d.40.</marc:subfield><marc:subfield code="x">3243950090</marc:subfield></marc:datafield><marc:datafield tag="886" ind1="2" ind2=" "><marc:subfield code="2">blmarc</marc:subfield><marc:subfield code="a">709</marc:subfield><marc:subfield code="b">00</marc:subfield><marc:subfield code="a">WILLIAMS</marc:subfield><marc:subfield code="h">Joseph</marc:subfield><marc:subfield code="f">Student, of Newtown</marc:subfield><marc:subfield code="p">875.d.40.</marc:subfield><marc:subfield code="x">3520880091</marc:subfield></marc:datafield></marc:record>