
<marc:record><marc:leader>00730cam a22001693  4500</marc:leader>
<marc:controlfield tag="001">000004435</marc:controlfield>
<marc:controlfield tag="003">Uk</marc:controlfield><marc:controlfield tag="005">20120203162600.0</marc:controlfield><marc:controlfield tag="008">870813|1837|||||||    ||     ||| ||eng  </marc:controlfield><marc:datafield tag="040" ind1=" " ind2=" "><marc:subfield code="a">Uk</marc:subfield><marc:subfield code="c">Uk</marc:subfield></marc:datafield><marc:datafield tag="100" ind1="1" ind2=" "><marc:subfield code="a">ABBOTT, John Stevens Cabot.</marc:subfield></marc:datafield><marc:datafield tag="245" ind1="1" ind2="4"><marc:subfield code="a">The Path of Peace; or, a practical guide to duty and happiness.</marc:subfield></marc:datafield><marc:datafield tag="260" ind1=" " ind2=" "><marc:subfield code="a">London :</marc:subfield><marc:subfield code="b">T. Allman,</marc:subfield><marc:subfield code="c">1837.</marc:subfield></marc:datafield><marc:datafield tag="300" ind1=" " ind2=" "><marc:subfield code="a">iv, 172 p. ;</marc:subfield><marc:subfield code="c">16º.</marc:subfield></marc:datafield><marc:datafield tag="775" ind1="0" ind2=" "><marc:subfield code="t">[The Path of Peace; or, a practical guide to duty and happiness.]</marc:subfield><marc:subfield code="d">pp. 87. J. Symington &amp; Co.: Glasgow, 1838. 12º.</marc:subfield><marc:subfield code="w">(Uk)MP1.0000004728.1</marc:subfield></marc:datafield><marc:datafield tag="775" ind1="0" ind2=" "><marc:subfield code="t">[The Path of Peace; or, a practical guide to duty and happiness.]</marc:subfield><marc:subfield code="d">pp. 237. Thomas Grant: Edinburgh, [1855.] 32º.</marc:subfield><marc:subfield code="w">(Uk)MP1.0000004728.2</marc:subfield></marc:datafield><marc:datafield tag="852" ind1="4" ind2="1"><marc:subfield code="a">British Library</marc:subfield><marc:subfield code="b">HMNTS</marc:subfield><marc:subfield code="j">1121.c.20.</marc:subfield></marc:datafield></marc:record>