
<marc:record><marc:leader>00416cam a22001453  4500</marc:leader>
<marc:controlfield tag="001">000004439</marc:controlfield>
<marc:controlfield tag="003">Uk</marc:controlfield><marc:controlfield tag="005">20130503191800.0</marc:controlfield><marc:controlfield tag="008">870813|1869||||xxu    ||     ||| ||eng  </marc:controlfield><marc:datafield tag="040" ind1=" " ind2=" "><marc:subfield code="a">Uk</marc:subfield><marc:subfield code="c">Uk</marc:subfield></marc:datafield><marc:datafield tag="100" ind1="1" ind2=" "><marc:subfield code="a">ABBOTT, John Stevens Cabot.</marc:subfield></marc:datafield><marc:datafield tag="245" ind1="1" ind2="4"><marc:subfield code="a">The Romance of Spanish History ... With illustrations.</marc:subfield></marc:datafield><marc:datafield tag="260" ind1=" " ind2=" "><marc:subfield code="a">New York :</marc:subfield><marc:subfield code="b">Harper &amp; Bros.,</marc:subfield><marc:subfield code="c">1869.</marc:subfield></marc:datafield><marc:datafield tag="300" ind1=" " ind2=" "><marc:subfield code="a">462 p. ;</marc:subfield><marc:subfield code="c">8º.</marc:subfield></marc:datafield><marc:datafield tag="852" ind1="4" ind2="1"><marc:subfield code="a">British Library</marc:subfield><marc:subfield code="b">HMNTS</marc:subfield><marc:subfield code="j">9180.c.45.</marc:subfield></marc:datafield></marc:record>