
<marc:record><marc:leader>01318cam a22001933  4500</marc:leader>
<marc:controlfield tag="001">000004480</marc:controlfield>
<marc:controlfield tag="003">Uk</marc:controlfield><marc:controlfield tag="005">20130716171200.0</marc:controlfield><marc:controlfield tag="008">870813|1883||||xxu    ||     ||| |||||  </marc:controlfield><marc:datafield tag="040" ind1=" " ind2=" "><marc:subfield code="a">Uk</marc:subfield><marc:subfield code="c">Uk</marc:subfield></marc:datafield><marc:datafield tag="100" ind1="1" ind2=" "><marc:subfield code="a">ABBOTT, Lyman.</marc:subfield></marc:datafield><marc:datafield tag="245" ind1="1" ind2="0"><marc:subfield code="a">Henry Ward Beecher. A sketch of his career: with analyses of his power as a preacher, lecturer, orator and journalist, and incidents and reminiscences of his life. Edited by L. Abbott.</marc:subfield></marc:datafield><marc:datafield tag="260" ind1=" " ind2=" "><marc:subfield code="a">New York :</marc:subfield><marc:subfield code="b">Funk &amp; Wagnalls,</marc:subfield><marc:subfield code="c">1883.</marc:subfield></marc:datafield><marc:datafield tag="300" ind1=" " ind2=" "><marc:subfield code="a">598 p. ;</marc:subfield><marc:subfield code="c">8º.</marc:subfield></marc:datafield><marc:datafield tag="700" ind1="1" ind2=" "><marc:subfield code="a">BEECHER, Henry Ward.</marc:subfield><marc:subfield code="t">Appendix.</marc:subfield></marc:datafield><marc:datafield tag="775" ind1="0" ind2=" "><marc:subfield code="t">[Henry Ward Beecher. A sketch of his career: with analyses of his power as a preacher, lecturer, orator and journalist, and incidents and reminiscences of his life. Edited by L. Abbott.]</marc:subfield><marc:subfield code="d">pp. 664. American Publishing Co.: Hartford, Conn., 1887. 8º.</marc:subfield><marc:subfield code="w">(Uk)MP1.0000004770.1</marc:subfield></marc:datafield><marc:datafield tag="775" ind1="0" ind2=" "><marc:subfield code="t">[Henry Ward Beecher. A sketch of his career: with analyses of his power as a preacher, lecturer, orator and journalist, and incidents and reminiscences of his life. Edited by L. Abbott.]</marc:subfield><marc:subfield code="d">pp. xxxviii. 457. Hodder &amp; Stoughton: London; Cambridge, Mass. [printed], 1903. 8º.</marc:subfield><marc:subfield code="w">(Uk)MP1.0000004770.2</marc:subfield></marc:datafield><marc:datafield tag="852" ind1="4" ind2="1"><marc:subfield code="a">British Library</marc:subfield><marc:subfield code="b">HMNTS</marc:subfield><marc:subfield code="j">4986.g.19.</marc:subfield></marc:datafield><marc:datafield tag="886" ind1="2" ind2=" "><marc:subfield code="2">blmarc</marc:subfield><marc:subfield code="a">709</marc:subfield><marc:subfield code="b">00</marc:subfield><marc:subfield code="a">BEECHER</marc:subfield><marc:subfield code="h">Henry Ward</marc:subfield><marc:subfield code="t">Appendix</marc:subfield><marc:subfield code="p">4985.df.36.</marc:subfield><marc:subfield code="x">0231170106</marc:subfield><marc:subfield code="p">4986.g.19.</marc:subfield><marc:subfield code="x">0231170106</marc:subfield><marc:subfield code="p">4986.gg.13.</marc:subfield><marc:subfield code="x">0231170106</marc:subfield></marc:datafield></marc:record>