
<marc:record><marc:leader>00416cam a22001333  4500</marc:leader>
<marc:controlfield tag="001">000004483</marc:controlfield>
<marc:controlfield tag="003">Uk</marc:controlfield><marc:controlfield tag="005">20110119132100.0</marc:controlfield><marc:controlfield tag="008">870813|1890|||||||    ||     ||| ||eng  </marc:controlfield><marc:datafield tag="040" ind1=" " ind2=" "><marc:subfield code="a">Uk</marc:subfield><marc:subfield code="c">Uk</marc:subfield></marc:datafield><marc:datafield tag="100" ind1="1" ind2=" "><marc:subfield code="a">ABBOTT, Lyman.</marc:subfield></marc:datafield><marc:datafield tag="245" ind1="1" ind2="4"><marc:subfield code="a">The New Theology. [A sermon.]</marc:subfield></marc:datafield><marc:datafield tag="580" ind1=" " ind2=" "><marc:subfield code="a">In : New York.-Plymouth Church, Brooklyn. Proceedings of a Council in Plymouth Church, etc. 1890. 8º.</marc:subfield></marc:datafield><marc:datafield tag="852" ind1="4" ind2="1"><marc:subfield code="a">British Library</marc:subfield><marc:subfield code="b">HMNTS</marc:subfield><marc:subfield code="j">4744.ee.29.</marc:subfield></marc:datafield></marc:record>