
<marc:record><marc:leader>00784cam a22002053  4500</marc:leader>
<marc:controlfield tag="001">000004575</marc:controlfield>
<marc:controlfield tag="003">Uk</marc:controlfield><marc:controlfield tag="005">20130520180000.0</marc:controlfield><marc:controlfield tag="008">870813|1856||||enk    ||     ||| |||||  </marc:controlfield><marc:datafield tag="040" ind1=" " ind2=" "><marc:subfield code="a">Uk</marc:subfield><marc:subfield code="c">Uk</marc:subfield></marc:datafield><marc:datafield tag="100" ind1="1" ind2=" "><marc:subfield code="a">ABBOTT, Robert,</marc:subfield><marc:subfield code="c">Rev.</marc:subfield></marc:datafield><marc:datafield tag="245" ind1="1" ind2="0"><marc:subfield code="a">Remarks on an article in “Household Words”-no. 309, headed “The New Jerusalem Church”. [By Rev. Robert Abbott.]</marc:subfield></marc:datafield><marc:datafield tag="260" ind1=" " ind2=" "><marc:subfield code="a">Norwich :</marc:subfield><marc:subfield code="b">Jarrold &amp; Sons, printers,</marc:subfield><marc:subfield code="c">[1856]</marc:subfield></marc:datafield><marc:datafield tag="300" ind1=" " ind2=" "><marc:subfield code="a">4 p. ;</marc:subfield><marc:subfield code="c">21 cm.</marc:subfield></marc:datafield><marc:datafield tag="500" ind1=" " ind2=" "><marc:subfield code="a">On the article “The New Jerusalem” by George Hogarth.</marc:subfield></marc:datafield><marc:datafield tag="700" ind1="1" ind2=" "><marc:subfield code="a">HOGARTH, George,</marc:subfield><marc:subfield code="c">Musical Critic.</marc:subfield></marc:datafield><marc:datafield tag="720" ind1=" " ind2=" "><marc:subfield code="a">REMARKS</marc:subfield></marc:datafield><marc:datafield tag="852" ind1="4" ind2="1"><marc:subfield code="a">British Library</marc:subfield><marc:subfield code="b">HMNTS</marc:subfield><marc:subfield code="j">1552/132.</marc:subfield></marc:datafield><marc:datafield tag="886" ind1="2" ind2=" "><marc:subfield code="2">blmarc</marc:subfield><marc:subfield code="a">709</marc:subfield><marc:subfield code="b">00</marc:subfield><marc:subfield code="a">HOGARTH</marc:subfield><marc:subfield code="h">George</marc:subfield><marc:subfield code="f">Musical Critic</marc:subfield><marc:subfield code="p">1552/132.</marc:subfield><marc:subfield code="x">1502340224</marc:subfield></marc:datafield><marc:datafield tag="886" ind1="2" ind2=" "><marc:subfield code="2">blmarc</marc:subfield><marc:subfield code="a">709</marc:subfield><marc:subfield code="b">00</marc:subfield><marc:subfield code="a">REMARKS</marc:subfield><marc:subfield code="p">1552/132.</marc:subfield><marc:subfield code="x">2731980036</marc:subfield></marc:datafield></marc:record>