
<marc:record><marc:leader>00984cam a22001933  4500</marc:leader>
<marc:controlfield tag="001">000004604</marc:controlfield>
<marc:controlfield tag="003">Uk</marc:controlfield><marc:controlfield tag="005">20130430174800.0</marc:controlfield><marc:controlfield tag="008">870813|1894||||enk    ||     ||| |||||  </marc:controlfield><marc:datafield tag="040" ind1=" " ind2=" "><marc:subfield code="a">Uk</marc:subfield><marc:subfield code="c">Uk</marc:subfield></marc:datafield><marc:datafield tag="100" ind1="1" ind2=" "><marc:subfield code="a">ABBOTT, Thomas Kingsmill.</marc:subfield></marc:datafield><marc:datafield tag="245" ind1="1" ind2="0"><marc:subfield code="a">[“Do this in Remembrance of me.” A reply to Mr. Supple's and other criticisms [i.e. to “The Words of Institution of the Blessed Sacrament,” by W. R. Supple].]</marc:subfield></marc:datafield><marc:datafield tag="250" ind1=" " ind2=" "><marc:subfield code="a">Second edition, with preface.</marc:subfield></marc:datafield><marc:datafield tag="260" ind1=" " ind2=" "><marc:subfield code="a">London :</marc:subfield><marc:subfield code="b">Longmans &amp; Co.,</marc:subfield><marc:subfield code="c">1894.</marc:subfield></marc:datafield><marc:datafield tag="300" ind1=" " ind2=" "><marc:subfield code="a">xxviii, 54 p. ;</marc:subfield><marc:subfield code="c">8º.</marc:subfield></marc:datafield><marc:datafield tag="700" ind1="1" ind2=" "><marc:subfield code="a">SUPPLE, William Rathborne.</marc:subfield></marc:datafield><marc:datafield tag="787" ind1="0" ind2=" "><marc:subfield code="t">“Do this in Remembrance of me.” A reply to Mr. Supple's and other criticisms [i.e. to “The Words of Institution of the Blessed Sacrament,” by W. R. Supple].</marc:subfield><marc:subfield code="d">pp. 54. Longmans &amp; Co.: London, 1893. 8º.</marc:subfield><marc:subfield code="w">(Uk)MP1.0000004889</marc:subfield></marc:datafield><marc:datafield tag="852" ind1="4" ind2="1"><marc:subfield code="a">British Library</marc:subfield><marc:subfield code="b">HMNTS</marc:subfield><marc:subfield code="j">4109.k.13.(6.)</marc:subfield></marc:datafield><marc:datafield tag="886" ind1="2" ind2=" "><marc:subfield code="2">blmarc</marc:subfield><marc:subfield code="a">709</marc:subfield><marc:subfield code="b">00</marc:subfield><marc:subfield code="a">SUPPLE</marc:subfield><marc:subfield code="h">William Rathborne</marc:subfield><marc:subfield code="p">4109.k.13.(6.)</marc:subfield><marc:subfield code="x">3172890074</marc:subfield><marc:subfield code="p">4371.e.38.(2.)</marc:subfield><marc:subfield code="x">3172890066</marc:subfield></marc:datafield></marc:record>