
<marc:record><marc:leader>00865cam a22001693  4500</marc:leader>
<marc:controlfield tag="001">000004614</marc:controlfield>
<marc:controlfield tag="003">Uk</marc:controlfield><marc:controlfield tag="005">20110119132100.0</marc:controlfield><marc:controlfield tag="008">870813|1881|||||||    ||     ||| |||||  </marc:controlfield><marc:datafield tag="040" ind1=" " ind2=" "><marc:subfield code="a">Uk</marc:subfield><marc:subfield code="c">Uk</marc:subfield></marc:datafield><marc:datafield tag="100" ind1="1" ind2=" "><marc:subfield code="a">ABBOTT, Thomas Kingsmill.</marc:subfield></marc:datafield><marc:datafield tag="245" ind1="1" ind2="0"><marc:subfield code="a">Logic versus Murray's Logic. A criticism [on “Murray's Compendium of Logic,” etc.].</marc:subfield></marc:datafield><marc:datafield tag="260" ind1=" " ind2=" "><marc:subfield code="a">Dublin :</marc:subfield><marc:subfield code="b">W. McGee,</marc:subfield><marc:subfield code="c">1881.</marc:subfield></marc:datafield><marc:datafield tag="300" ind1=" " ind2=" "><marc:subfield code="a">17 p. ;</marc:subfield><marc:subfield code="c">8º.</marc:subfield></marc:datafield><marc:datafield tag="700" ind1="1" ind2=" "><marc:subfield code="a">MURRAY, Richard,</marc:subfield><marc:subfield code="c">Provost of Trinity College, Dublin.</marc:subfield><marc:subfield code="t">A Literal Translation of Murray's Logic; with ... questions and answers ... by a Gentleman of this city [i.e. Dublin].</marc:subfield></marc:datafield><marc:datafield tag="852" ind1="4" ind2="1"><marc:subfield code="a">British Library</marc:subfield><marc:subfield code="b">HMNTS</marc:subfield><marc:subfield code="j">8463.c.16.(3.)</marc:subfield></marc:datafield><marc:datafield tag="886" ind1="2" ind2=" "><marc:subfield code="2">blmarc</marc:subfield><marc:subfield code="a">709</marc:subfield><marc:subfield code="b">00</marc:subfield><marc:subfield code="a">MURRAY</marc:subfield><marc:subfield code="h">Richard</marc:subfield><marc:subfield code="f">Provost of Trinity College, Dublin</marc:subfield><marc:subfield code="t">A Literal Translation of Murray's Logic; with ... questions and answers ... by a Gentleman of this city [i.e. Dublin].</marc:subfield><marc:subfield code="p">8463.c.16.(3.)</marc:subfield><marc:subfield code="x">2304110045</marc:subfield></marc:datafield></marc:record>