
<marc:record><marc:leader>00533cam a22001453  4500</marc:leader>
<marc:controlfield tag="001">000004671</marc:controlfield>
<marc:controlfield tag="003">Uk</marc:controlfield><marc:controlfield tag="005">20110119132100.0</marc:controlfield><marc:controlfield tag="008">870813|1827|||||||    ||     ||| |||||  </marc:controlfield><marc:datafield tag="040" ind1=" " ind2=" "><marc:subfield code="a">Uk</marc:subfield><marc:subfield code="c">Uk</marc:subfield></marc:datafield><marc:datafield tag="100" ind1="1" ind2=" "><marc:subfield code="a">ABBOTT, William,</marc:subfield><marc:subfield code="c">of Scarborough.</marc:subfield></marc:datafield><marc:datafield tag="245" ind1="1" ind2="2"><marc:subfield code="a">A Catalogue of the Library of the late Mr. William Abbott, consisting of a valuable collection of works on divinity, &amp;c., now on sale at Mr. Baynes' ... Scarborough.</marc:subfield></marc:datafield><marc:datafield tag="260" ind1=" " ind2=" "><marc:subfield code="a">Scarborough :</marc:subfield><marc:subfield code="b">John Cole,</marc:subfield><marc:subfield code="c">1827.</marc:subfield></marc:datafield><marc:datafield tag="300" ind1=" " ind2=" "><marc:subfield code="a">36 p. ;</marc:subfield><marc:subfield code="c">8º.</marc:subfield></marc:datafield><marc:datafield tag="852" ind1="4" ind2="1"><marc:subfield code="a">British Library</marc:subfield><marc:subfield code="b">HMNTS</marc:subfield><marc:subfield code="j">796.f.37.(2.)</marc:subfield></marc:datafield></marc:record>