
<marc:record><marc:leader>00871cam a22001573  4500</marc:leader>
<marc:controlfield tag="001">000004676</marc:controlfield>
<marc:controlfield tag="003">Uk</marc:controlfield><marc:controlfield tag="005">20110119132100.0</marc:controlfield><marc:controlfield tag="008">870813|1828||||ii     ||     ||| |||||  </marc:controlfield><marc:datafield tag="040" ind1=" " ind2=" "><marc:subfield code="a">Uk</marc:subfield><marc:subfield code="c">Uk</marc:subfield></marc:datafield><marc:datafield tag="100" ind1="1" ind2=" "><marc:subfield code="a">ABBOTT, William Henry.</marc:subfield></marc:datafield><marc:datafield tag="245" ind1="1" ind2="2"><marc:subfield code="a">A Practical Analysis of the several Letters Patent forming the Episcopal Charter of the See and Diocese of Calcutta, and the laws and canons applicable thereto. [With an appendix of documents.]</marc:subfield></marc:datafield><marc:datafield tag="260" ind1=" " ind2=" "><marc:subfield code="a">pp. xxvi. 190. 127. Bishop's College Press: Calcutta, 1828.</marc:subfield></marc:datafield><marc:datafield tag="300" ind1=" " ind2=" "><marc:subfield code="a">8º.</marc:subfield></marc:datafield><marc:datafield tag="775" ind1="0" ind2=" "><marc:subfield code="t">[A Practical Analysis of the several Letters Patent forming the Episcopal Charter of the See and Diocese of Calcutta, and the laws and canons applicable thereto. [With an appendix of documents.]]</marc:subfield><marc:subfield code="d">pp. xx. lxiv. 293. xcviii. Bishop's College Press: Calcutta, 1845. 8º.</marc:subfield><marc:subfield code="w">(Uk)MP1.0000004955.1</marc:subfield></marc:datafield><marc:datafield tag="852" ind1="4" ind2="1"><marc:subfield code="a">British Library</marc:subfield><marc:subfield code="b">HMNTS</marc:subfield><marc:subfield code="j">1369.k.7.</marc:subfield></marc:datafield></marc:record>