
<marc:record><marc:leader>00917cam a22001813  4500</marc:leader>
<marc:controlfield tag="001">000004744</marc:controlfield>
<marc:controlfield tag="003">Uk</marc:controlfield><marc:controlfield tag="005">20110119132100.0</marc:controlfield><marc:controlfield tag="008">870813|1816|||||||    ||     ||| |||||  </marc:controlfield><marc:datafield tag="040" ind1=" " ind2=" "><marc:subfield code="a">Uk</marc:subfield><marc:subfield code="c">Uk</marc:subfield></marc:datafield><marc:datafield tag="100" ind1="1" ind2=" "><marc:subfield code="a">'ABD AL-'AZĪZ IBN SARĀYĀ, Ṡafī al-Dīn,</marc:subfield><marc:subfield code="c">al-Ḣillī.</marc:subfield></marc:datafield><marc:datafield tag="245" ind1="1" ind2="0"><marc:subfield code="a">Szafieddini Hellensis ad Sulthanum Elmelik Eszszaleh Schemseddin Abulmekarem Ortokidam Carmen Arabicum ... Edidit interpretatione et Latina et Germanica annotationibusque illustravit D. G. H. Bernstein. Arab., Lat. &amp; Germ.</marc:subfield></marc:datafield><marc:datafield tag="260" ind1=" " ind2=" "><marc:subfield code="a">pp. 24. 6. Lipsiæ, 1816.</marc:subfield></marc:datafield><marc:datafield tag="300" ind1=" " ind2=" "><marc:subfield code="a">fol.</marc:subfield></marc:datafield><marc:datafield tag="700" ind1="1" ind2=" "><marc:subfield code="a">BERNSTEIN, Georg Heinrich.</marc:subfield></marc:datafield><marc:datafield tag="852" ind1="4" ind2="1"><marc:subfield code="a">British Library</marc:subfield><marc:subfield code="b">HMNTS</marc:subfield><marc:subfield code="j">70.h.9.</marc:subfield></marc:datafield><marc:datafield tag="852" ind1="4" ind2="1"><marc:subfield code="a">British Library</marc:subfield><marc:subfield code="b">OC</marc:subfield><marc:subfield code="j">14573.e.1.</marc:subfield><marc:subfield code="3">[Another copy.] Szafieddini Hellensis ad Sulthanum Elmelik Eszszaleh Schemseddin Abulmekarem Ortokidam carmen arabicum, etc. Lipsiae, 1816. fol.</marc:subfield></marc:datafield><marc:datafield tag="886" ind1="2" ind2=" "><marc:subfield code="2">blmarc</marc:subfield><marc:subfield code="a">709</marc:subfield><marc:subfield code="b">00</marc:subfield><marc:subfield code="a">BERNSTEIN</marc:subfield><marc:subfield code="h">Georg Heinrich</marc:subfield><marc:subfield code="p">70.h.9.</marc:subfield><marc:subfield code="x">0271220120</marc:subfield></marc:datafield></marc:record>