
<marc:record><marc:leader>00737cam a22001813  4500</marc:leader>
<marc:controlfield tag="001">000004788</marc:controlfield>
<marc:controlfield tag="003">Uk</marc:controlfield><marc:controlfield tag="005">20110119132200.0</marc:controlfield><marc:controlfield tag="008">870813|1888|||||||    ||    |||| |||||  </marc:controlfield><marc:datafield tag="040" ind1=" " ind2=" "><marc:subfield code="a">Uk</marc:subfield><marc:subfield code="c">Uk</marc:subfield></marc:datafield><marc:datafield tag="245" ind1="1" ind2="0"><marc:subfield code="a">Étude sur le soufisme ... [An extract from the author's “Su'ūd al maṫāli'.”] Traduction de M. Arnaud. [With the Arabic text.] (Extrait de la Revue Africaine.).</marc:subfield></marc:datafield><marc:datafield tag="260" ind1=" " ind2=" "><marc:subfield code="a">pp. 47. 47. Alger, 1888.</marc:subfield></marc:datafield><marc:datafield tag="300" ind1=" " ind2=" "><marc:subfield code="a">8º.</marc:subfield></marc:datafield><marc:datafield tag="500" ind1=" " ind2=" "><marc:subfield code="a">The date on the wrapper is 1889.</marc:subfield></marc:datafield><marc:datafield tag="700" ind1="1" ind2=" "><marc:subfield code="a">ARNAUD, Antoine,</marc:subfield><marc:subfield code="c">Interprète militaire.</marc:subfield></marc:datafield><marc:datafield tag="720" ind1=" " ind2=" "><marc:subfield code="a">'ABD AL-HĀDI NAJĀ, al-Abyārī</marc:subfield><marc:subfield code="e">main entry</marc:subfield></marc:datafield><marc:datafield tag="852" ind1="4" ind2="1"><marc:subfield code="a">British Library</marc:subfield><marc:subfield code="b">OC</marc:subfield><marc:subfield code="j">14516.c.37.</marc:subfield></marc:datafield><marc:datafield tag="886" ind1="2" ind2=" "><marc:subfield code="2">blmarc</marc:subfield><marc:subfield code="a">709</marc:subfield><marc:subfield code="b">00</marc:subfield><marc:subfield code="a">ARNAUD</marc:subfield><marc:subfield code="h">Antoine</marc:subfield><marc:subfield code="f">Interprète militaire</marc:subfield><marc:subfield code="p">14516.c.37.</marc:subfield><marc:subfield code="x">0113540264</marc:subfield></marc:datafield></marc:record>