
<marc:record><marc:leader>00943cam a22001933  4500</marc:leader>
<marc:controlfield tag="001">000004799</marc:controlfield>
<marc:controlfield tag="003">Uk</marc:controlfield><marc:controlfield tag="005">20120420175200.0</marc:controlfield><marc:controlfield tag="008">870813|1879|||||||    ||    |||| |||||  </marc:controlfield><marc:datafield tag="040" ind1=" " ind2=" "><marc:subfield code="a">Uk</marc:subfield><marc:subfield code="c">Uk</marc:subfield></marc:datafield><marc:datafield tag="245" ind1="1" ind2="0"><marc:subfield code="a">Den arabiske Filosof Ibn-Sab'îns Sendebrev til Kejser Frederik II. af Hohenstaufen eller de Sicilianske Spørgsmaal. Som Bidrag til Kundskab om Filosofiens Udvikling i det XIIIde Aarhundrede. Ved A. F. Mehren. Aftryk af Overs. over d. K. D. Vidensk. Selsk. Forh.</marc:subfield></marc:datafield><marc:datafield tag="260" ind1=" " ind2=" "><marc:subfield code="a">Kjøbenhavn,</marc:subfield><marc:subfield code="c">1879.</marc:subfield></marc:datafield><marc:datafield tag="300" ind1=" " ind2=" "><marc:subfield code="a">55 p. ;</marc:subfield><marc:subfield code="c">8º.</marc:subfield></marc:datafield><marc:datafield tag="700" ind1="1" ind2=" "><marc:subfield code="a">MEHREN, August Ferdinand Michael.</marc:subfield></marc:datafield><marc:datafield tag="720" ind1=" " ind2=" "><marc:subfield code="a">'ABN AL-ḢAK̇K̇ IBN IBRĀHĪM, called Ibn Sab'īn</marc:subfield><marc:subfield code="e">main entry</marc:subfield></marc:datafield><marc:datafield tag="720" ind1=" " ind2=" "><marc:subfield code="a">FREDERICK II., Emperor of Germany</marc:subfield></marc:datafield><marc:datafield tag="852" ind1="4" ind2="1"><marc:subfield code="a">British Library</marc:subfield><marc:subfield code="b">OC</marc:subfield><marc:subfield code="j">14540.a.23.(1.)</marc:subfield></marc:datafield><marc:datafield tag="886" ind1="2" ind2=" "><marc:subfield code="2">blmarc</marc:subfield><marc:subfield code="a">709</marc:subfield><marc:subfield code="b">00</marc:subfield><marc:subfield code="a">FREDERICK II., Emperor of Germany</marc:subfield><marc:subfield code="p">14540.a.23.(1.)</marc:subfield><marc:subfield code="x">115287022X</marc:subfield></marc:datafield><marc:datafield tag="886" ind1="2" ind2=" "><marc:subfield code="2">blmarc</marc:subfield><marc:subfield code="a">709</marc:subfield><marc:subfield code="b">00</marc:subfield><marc:subfield code="a">MEHREN</marc:subfield><marc:subfield code="h">August Ferdinand Michael</marc:subfield><marc:subfield code="p">14540.a.23.(1.)</marc:subfield><marc:subfield code="x">2171880139</marc:subfield></marc:datafield></marc:record>