
<marc:record><marc:leader>01034cam a22001933  4500</marc:leader>
<marc:controlfield tag="001">000004800</marc:controlfield>
<marc:controlfield tag="003">Uk</marc:controlfield><marc:controlfield tag="005">20110311165800.0</marc:controlfield><marc:controlfield tag="008">870813|1880|||||||    ||    |||| |||||  </marc:controlfield><marc:datafield tag="040" ind1=" " ind2=" "><marc:subfield code="a">Uk</marc:subfield><marc:subfield code="c">Uk</marc:subfield></marc:datafield><marc:datafield tag="245" ind1="1" ind2="0"><marc:subfield code="a">Correspondance du philosophe soufi Ibn Sab'în Abd Oul-Haqq avec l'Empereur Frédéric II. de Hohenstaufen, publiée d'après le manuscrit de la Bibliothèque Bodléienne, contenant l'analyse générale de cette correspondance et la traduction du quatrième traité sur l'immortalité de l'âme, par ... A. F. Mehren. Extrait du Journal Asiatique.</marc:subfield></marc:datafield><marc:datafield tag="260" ind1=" " ind2=" "><marc:subfield code="a">Paris,</marc:subfield><marc:subfield code="c">1880.</marc:subfield></marc:datafield><marc:datafield tag="300" ind1=" " ind2=" "><marc:subfield code="a">116 p. ;</marc:subfield><marc:subfield code="c">8º.</marc:subfield></marc:datafield><marc:datafield tag="700" ind1="1" ind2=" "><marc:subfield code="a">MEHREN, August Ferdinand Michael.</marc:subfield></marc:datafield><marc:datafield tag="720" ind1=" " ind2=" "><marc:subfield code="a">'ABN AL-ḢAK̇K̇ IBN IBRĀHĪM, called Ibn Sab'īn</marc:subfield><marc:subfield code="e">main entry</marc:subfield></marc:datafield><marc:datafield tag="720" ind1=" " ind2=" "><marc:subfield code="a">FREDERICK II., Emperor of Germany</marc:subfield></marc:datafield><marc:datafield tag="852" ind1="4" ind2="1"><marc:subfield code="a">British Library</marc:subfield><marc:subfield code="b">OC</marc:subfield><marc:subfield code="j">14540.a.23.(2.)</marc:subfield></marc:datafield><marc:datafield tag="886" ind1="2" ind2=" "><marc:subfield code="2">blmarc</marc:subfield><marc:subfield code="a">709</marc:subfield><marc:subfield code="b">00</marc:subfield><marc:subfield code="a">FREDERICK II., Emperor of Germany</marc:subfield><marc:subfield code="p">14540.a.23.(2.)</marc:subfield><marc:subfield code="x">1152870238</marc:subfield></marc:datafield><marc:datafield tag="886" ind1="2" ind2=" "><marc:subfield code="2">blmarc</marc:subfield><marc:subfield code="a">709</marc:subfield><marc:subfield code="b">00</marc:subfield><marc:subfield code="a">MEHREN</marc:subfield><marc:subfield code="h">August Ferdinand Michael</marc:subfield><marc:subfield code="p">14540.a.23.(2.)</marc:subfield><marc:subfield code="x">2171880147</marc:subfield></marc:datafield></marc:record>