
<marc:record><marc:leader>00675cam a22001693  4500</marc:leader>
<marc:controlfield tag="001">000004817</marc:controlfield>
<marc:controlfield tag="003">Uk</marc:controlfield><marc:controlfield tag="005">20110311165800.0</marc:controlfield><marc:controlfield tag="008">870813|1889|||||||    ||    |||| |||||  </marc:controlfield><marc:datafield tag="040" ind1=" " ind2=" "><marc:subfield code="a">Uk</marc:subfield><marc:subfield code="c">Uk</marc:subfield></marc:datafield><marc:datafield tag="245" ind1="1" ind2="0"><marc:subfield code="a">Una Lettera d'Abd el Kader [informing the French Ministry of War that he had appointed Garavini his agent in Algiers]. Della collezione Campori. [A facsimile, a translation and annotations by B. Malmusi.]</marc:subfield></marc:datafield><marc:datafield tag="260" ind1=" " ind2=" "><marc:subfield code="a">Modena,</marc:subfield><marc:subfield code="c">1889.</marc:subfield></marc:datafield><marc:datafield tag="300" ind1=" " ind2=" "><marc:subfield code="a">14 p. ;</marc:subfield><marc:subfield code="c">8º.</marc:subfield></marc:datafield><marc:datafield tag="700" ind1="1" ind2=" "><marc:subfield code="a">MALMUSI, Benedetto.</marc:subfield></marc:datafield><marc:datafield tag="720" ind1=" " ind2=" "><marc:subfield code="a">'ABD AL-K̇ĀDIR, Amir of Mascara</marc:subfield><marc:subfield code="e">main entry</marc:subfield></marc:datafield><marc:datafield tag="852" ind1="4" ind2="1"><marc:subfield code="a">British Library</marc:subfield><marc:subfield code="b">OC</marc:subfield><marc:subfield code="j">14542.c.15.</marc:subfield></marc:datafield><marc:datafield tag="886" ind1="2" ind2=" "><marc:subfield code="2">blmarc</marc:subfield><marc:subfield code="a">709</marc:subfield><marc:subfield code="b">00</marc:subfield><marc:subfield code="a">MALMUSI</marc:subfield><marc:subfield code="h">Benedetto</marc:subfield><marc:subfield code="p">14542.c.15.</marc:subfield><marc:subfield code="x">2091520179</marc:subfield></marc:datafield></marc:record>