
<marc:record><marc:leader>00688cam a22001813  4500</marc:leader>
<marc:controlfield tag="001">000004824</marc:controlfield>
<marc:controlfield tag="003">Uk</marc:controlfield><marc:controlfield tag="005">20110119132200.0</marc:controlfield><marc:controlfield tag="008">010316|1898||||ii     ||    |||| |||||  </marc:controlfield><marc:datafield tag="040" ind1=" " ind2=" "><marc:subfield code="a">Uk</marc:subfield><marc:subfield code="c">Uk</marc:subfield></marc:datafield><marc:datafield tag="245" ind1="1" ind2="0"><marc:subfield code="a">Muntakhab-ut-Tawārīkh. (vol. 1. Translated by George S. A. Ranking. vol. 2, by W. H. Lowe. vol. 3, by T. Wolseley Haig.).</marc:subfield></marc:datafield><marc:datafield tag="260" ind1=" " ind2=" "><marc:subfield code="a">4 pt. Calcutta, 1898, 84-1925.</marc:subfield></marc:datafield><marc:datafield tag="300" ind1=" " ind2=" "><marc:subfield code="a">8º.</marc:subfield></marc:datafield><marc:datafield tag="490" ind1="0" ind2=" "><marc:subfield code="a">[Bibliotheca Indica. vol. 97.]</marc:subfield></marc:datafield><marc:datafield tag="700" ind1="1" ind2=" "><marc:subfield code="a">HAIG, Thomas Wolseley,</marc:subfield><marc:subfield code="c">Sir,</marc:subfield><marc:subfield code="c">K.C.I.E.</marc:subfield></marc:datafield><marc:datafield tag="720" ind1=" " ind2=" "><marc:subfield code="a">ABD AL-K̇ĀDIR, Badā'ūnī</marc:subfield><marc:subfield code="e">main entry</marc:subfield></marc:datafield><marc:datafield tag="852" ind1="4" ind2="1"><marc:subfield code="a">British Library</marc:subfield><marc:subfield code="b">OC</marc:subfield><marc:subfield code="j">14002.a.(vol.97.)</marc:subfield></marc:datafield><marc:datafield tag="886" ind1="2" ind2=" "><marc:subfield code="2">blmarc</marc:subfield><marc:subfield code="a">709</marc:subfield><marc:subfield code="b">00</marc:subfield><marc:subfield code="a">HAIG</marc:subfield><marc:subfield code="e">Sir</marc:subfield><marc:subfield code="h">Thomas Wolseley</marc:subfield><marc:subfield code="f">K.C.I.E.</marc:subfield><marc:subfield code="p">14002.a.</marc:subfield><marc:subfield code="x">1372190120</marc:subfield></marc:datafield></marc:record>