
<marc:record><marc:leader>00670cam a22001693  4500</marc:leader>
<marc:controlfield tag="001">000004844</marc:controlfield>
<marc:controlfield tag="003">Uk</marc:controlfield><marc:controlfield tag="005">20120120152500.0</marc:controlfield><marc:controlfield tag="008">870813|1891|||||||    ||    |||| |||||  </marc:controlfield><marc:datafield tag="040" ind1=" " ind2=" "><marc:subfield code="a">Uk</marc:subfield><marc:subfield code="c">Uk</marc:subfield></marc:datafield><marc:datafield tag="245" ind1="1" ind2="0"><marc:subfield code="a">Der überfliessende Strom in der Wissenschaft des Erbrechts der Hanefiten und Schafeiten ... Arabischer Text ... Uebersetzt und erläutert von L. Hirsch. Arab. &amp; Ger.</marc:subfield></marc:datafield><marc:datafield tag="260" ind1=" " ind2=" "><marc:subfield code="a">Leipzig,</marc:subfield><marc:subfield code="c">1891.</marc:subfield></marc:datafield><marc:datafield tag="300" ind1=" " ind2=" "><marc:subfield code="a">xv, 121 p. ;</marc:subfield><marc:subfield code="c">8º.</marc:subfield></marc:datafield><marc:datafield tag="700" ind1="1" ind2=" "><marc:subfield code="a">HIRSCH, Leo,</marc:subfield><marc:subfield code="c">Orientalist.</marc:subfield></marc:datafield><marc:datafield tag="720" ind1=" " ind2=" "><marc:subfield code="a">'ABD AL-K̇ĀDIR IBN MUḢAMMAD, al-Makkáwī</marc:subfield><marc:subfield code="e">main entry</marc:subfield></marc:datafield><marc:datafield tag="852" ind1="4" ind2="1"><marc:subfield code="a">British Library</marc:subfield><marc:subfield code="b">OC</marc:subfield><marc:subfield code="j">14527.a.7.</marc:subfield></marc:datafield><marc:datafield tag="886" ind1="2" ind2=" "><marc:subfield code="2">blmarc</marc:subfield><marc:subfield code="a">709</marc:subfield><marc:subfield code="b">00</marc:subfield><marc:subfield code="a">HIRSCH</marc:subfield><marc:subfield code="h">Leo</marc:subfield><marc:subfield code="f">Orientalist</marc:subfield><marc:subfield code="p">14527.a.7.</marc:subfield><marc:subfield code="x">1484660250</marc:subfield></marc:datafield></marc:record>