
<marc:record><marc:leader>00821cam a22001933  4500</marc:leader>
<marc:controlfield tag="001">000004845</marc:controlfield>
<marc:controlfield tag="003">Uk</marc:controlfield><marc:controlfield tag="005">20120420175200.0</marc:controlfield><marc:controlfield tag="008">870813|1895|||||||    ||    |||| |||||  </marc:controlfield><marc:datafield tag="040" ind1=" " ind2=" "><marc:subfield code="a">Uk</marc:subfield><marc:subfield code="c">Uk</marc:subfield></marc:datafield><marc:datafield tag="245" ind1="1" ind2="0"><marc:subfield code="a">Description de Damas. [An abridgment of the Tanbīh al-ṫālib by 'Abd al-Bāsiṫ ibn Mūsa al-'Almawī.] Traductions de l'arabe par H. Sauvaire ... Extrait du Journal Asiatique.</marc:subfield></marc:datafield><marc:datafield tag="260" ind1=" " ind2=" "><marc:subfield code="a">Paris,</marc:subfield><marc:subfield code="c">1895, 96.</marc:subfield></marc:datafield><marc:datafield tag="300" ind1=" " ind2=" "><marc:subfield code="a">2 pt. ;</marc:subfield><marc:subfield code="c">8º.</marc:subfield></marc:datafield><marc:datafield tag="700" ind1="1" ind2=" "><marc:subfield code="a">SAUVAIRE, Henry.</marc:subfield></marc:datafield><marc:datafield tag="720" ind1=" " ind2=" "><marc:subfield code="a">'ABD AL-K̇ĀDIR IBN MUḢAMMAD, al-Nu'aimī</marc:subfield><marc:subfield code="e">main entry</marc:subfield></marc:datafield><marc:datafield tag="720" ind1=" " ind2=" "><marc:subfield code="a">'ABD AL-BĀSIṪ IBN MUSA, al-'Almawī</marc:subfield></marc:datafield><marc:datafield tag="852" ind1="4" ind2="1"><marc:subfield code="a">British Library</marc:subfield><marc:subfield code="b">OC</marc:subfield><marc:subfield code="j">14555.a.24.</marc:subfield></marc:datafield><marc:datafield tag="886" ind1="2" ind2=" "><marc:subfield code="2">blmarc</marc:subfield><marc:subfield code="a">709</marc:subfield><marc:subfield code="b">00</marc:subfield><marc:subfield code="a">'ABD AL-BĀSIṪ IBN MUSA, al-'Almawī</marc:subfield><marc:subfield code="p">14555.a.24.</marc:subfield><marc:subfield code="x">0012080055</marc:subfield></marc:datafield><marc:datafield tag="886" ind1="2" ind2=" "><marc:subfield code="2">blmarc</marc:subfield><marc:subfield code="a">709</marc:subfield><marc:subfield code="b">00</marc:subfield><marc:subfield code="a">SAUVAIRE</marc:subfield><marc:subfield code="h">Henry</marc:subfield><marc:subfield code="p">14555.a.24.</marc:subfield><marc:subfield code="x">2904710086</marc:subfield></marc:datafield></marc:record>