
<marc:record><marc:leader>01132cam a22002053  4500</marc:leader>
<marc:controlfield tag="001">000004866</marc:controlfield>
<marc:controlfield tag="003">Uk</marc:controlfield><marc:controlfield tag="005">20130611183900.0</marc:controlfield><marc:controlfield tag="008">870813|1813||||ii     ||    |||| |||||  </marc:controlfield><marc:datafield tag="040" ind1=" " ind2=" "><marc:subfield code="a">Uk</marc:subfield><marc:subfield code="c">Uk</marc:subfield></marc:datafield><marc:datafield tag="245" ind1="1" ind2="5"><marc:subfield code="a">[The Memoirs of Khojeh Abdulkurreem ... including the history of Hisdostan, from 1739 to 1749; with an account of the European settlements in Bengal and on the Coast of Coromandel. Translated ... by F. Gladwin.]</marc:subfield></marc:datafield><marc:datafield tag="250" ind1=" " ind2=" "><marc:subfield code="a">[Second edition.]</marc:subfield></marc:datafield><marc:datafield tag="260" ind1=" " ind2=" "><marc:subfield code="a">Calcutta,</marc:subfield><marc:subfield code="c">1813.</marc:subfield></marc:datafield><marc:datafield tag="300" ind1=" " ind2=" "><marc:subfield code="a">viii, 210 p. ;</marc:subfield><marc:subfield code="c">8º.</marc:subfield></marc:datafield><marc:datafield tag="500" ind1=" " ind2=" "><marc:subfield code="a">Imperfect; wanting sig. Y, sig. U being duplicated.</marc:subfield></marc:datafield><marc:datafield tag="700" ind1="1" ind2=" "><marc:subfield code="a">Gladwin, Francis,</marc:subfield><marc:subfield code="d">-1813?</marc:subfield></marc:datafield><marc:datafield tag="720" ind1=" " ind2=" "><marc:subfield code="a">'ABD AL-KARĪM IBN 'ĀK̇IBAT MAḢMŪD, Kashmīrī</marc:subfield><marc:subfield code="e">main entry</marc:subfield></marc:datafield><marc:datafield tag="787" ind1="0" ind2=" "><marc:subfield code="t">The Memoirs of Khojeh Abdulkurreem ... including the history of Hisdostan, from 1739 to 1749; with an account of the European settlements in Bengal and on the Coast of Coromandel. Translated ... by F. Gladwin.</marc:subfield><marc:subfield code="d">pp. x. 219. W. Mackay: Calcutta, 1788. 8º.</marc:subfield><marc:subfield code="w">(Uk)MP1.0000005147</marc:subfield></marc:datafield><marc:datafield tag="852" ind1="4" ind2="1"><marc:subfield code="a">British Library</marc:subfield><marc:subfield code="b">OC</marc:subfield><marc:subfield code="j">14779.a.21.</marc:subfield></marc:datafield><marc:datafield tag="886" ind1="2" ind2=" "><marc:subfield code="2">blmarc</marc:subfield><marc:subfield code="a">709</marc:subfield><marc:subfield code="b">00</marc:subfield><marc:subfield code="a">GLADWIN</marc:subfield><marc:subfield code="h">Francis</marc:subfield><marc:subfield code="p">14779.a.21.</marc:subfield><marc:subfield code="x">1260450260</marc:subfield><marc:subfield code="p">280.e.2.</marc:subfield><marc:subfield code="x">1260450260</marc:subfield></marc:datafield></marc:record>