
<marc:record><marc:leader>00622cam a22001693  4500</marc:leader>
<marc:controlfield tag="001">000004888</marc:controlfield>
<marc:controlfield tag="003">Uk</marc:controlfield><marc:controlfield tag="005">20110119132200.0</marc:controlfield><marc:controlfield tag="008">870813|1814|||||||    ||    |||| ||eng  </marc:controlfield><marc:datafield tag="040" ind1=" " ind2=" "><marc:subfield code="a">Uk</marc:subfield><marc:subfield code="c">Uk</marc:subfield></marc:datafield><marc:datafield tag="245" ind1="1" ind2="4"><marc:subfield code="a">The Death of Abdallah: an Eastern tale, etc. [In verse. By Benjamin Allen.]</marc:subfield></marc:datafield><marc:datafield tag="260" ind1=" " ind2=" "><marc:subfield code="a">New York :</marc:subfield><marc:subfield code="b">W. B. Gilley,</marc:subfield><marc:subfield code="c">1814.</marc:subfield></marc:datafield><marc:datafield tag="300" ind1=" " ind2=" "><marc:subfield code="a">192 p. ;</marc:subfield><marc:subfield code="c">16º.</marc:subfield></marc:datafield><marc:datafield tag="700" ind1="1" ind2=" "><marc:subfield code="a">ALLEN, Benjamin,</marc:subfield><marc:subfield code="c">Rector of St. Paul's Church, Philadelphia.</marc:subfield></marc:datafield><marc:datafield tag="720" ind1=" " ind2=" "><marc:subfield code="a">ABDALLAH</marc:subfield><marc:subfield code="e">main entry</marc:subfield></marc:datafield><marc:datafield tag="852" ind1="4" ind2="1"><marc:subfield code="a">British Library</marc:subfield><marc:subfield code="b">HMNTS</marc:subfield><marc:subfield code="j">11642.a.3.</marc:subfield></marc:datafield><marc:datafield tag="886" ind1="2" ind2=" "><marc:subfield code="2">blmarc</marc:subfield><marc:subfield code="a">709</marc:subfield><marc:subfield code="b">00</marc:subfield><marc:subfield code="a">ALLEN</marc:subfield><marc:subfield code="h">Benjamin</marc:subfield><marc:subfield code="f">Rector of St. Paul's Church, Philadelphia</marc:subfield><marc:subfield code="p">11642.a.3.</marc:subfield><marc:subfield code="x">0054280109</marc:subfield></marc:datafield></marc:record>