
<marc:record><marc:leader>00624cam a22001693  4500</marc:leader>
<marc:controlfield tag="001">000004904</marc:controlfield>
<marc:controlfield tag="003">Uk</marc:controlfield><marc:controlfield tag="005">20110119132200.0</marc:controlfield><marc:controlfield tag="008">960628|1859|||||||    ||     ||| |||||  </marc:controlfield><marc:datafield tag="040" ind1=" " ind2=" "><marc:subfield code="a">Uk</marc:subfield><marc:subfield code="c">Uk</marc:subfield></marc:datafield><marc:datafield tag="100" ind1="1" ind2=" "><marc:subfield code="a">'ABD ALLĀH IBN 'ABD AL-'AZĪZ, Abu 'Ubayd,</marc:subfield><marc:subfield code="c">al Bakrī.</marc:subfield></marc:datafield><marc:datafield tag="245" ind1="1" ind2="0"><marc:subfield code="a">Description de l'Afrique Septentrionale ... Traduite par Mac Guckin de Slane. (Extrait du Journal Asiatique.).</marc:subfield></marc:datafield><marc:datafield tag="260" ind1=" " ind2=" "><marc:subfield code="a">Paris,</marc:subfield><marc:subfield code="c">1859.</marc:subfield></marc:datafield><marc:datafield tag="300" ind1=" " ind2=" "><marc:subfield code="c">8º.</marc:subfield></marc:datafield><marc:datafield tag="700" ind1="1" ind2=" "><marc:subfield code="a">MACGUCKIN DE SLANE, William,</marc:subfield><marc:subfield code="c">Baron.</marc:subfield></marc:datafield><marc:datafield tag="852" ind1="4" ind2="1"><marc:subfield code="a">British Library</marc:subfield><marc:subfield code="b">OC</marc:subfield><marc:subfield code="j">14565.b.26.(1.)</marc:subfield></marc:datafield><marc:datafield tag="886" ind1="2" ind2=" "><marc:subfield code="2">blmarc</marc:subfield><marc:subfield code="a">709</marc:subfield><marc:subfield code="b">00</marc:subfield><marc:subfield code="a">MACGUCKIN DE SLANE</marc:subfield><marc:subfield code="h">William</marc:subfield><marc:subfield code="f">Baron</marc:subfield><marc:subfield code="p">14565.b.26.(1.)</marc:subfield><marc:subfield code="x">2053290129</marc:subfield></marc:datafield></marc:record>