
<marc:record><marc:leader>01171cam a22002053  4500</marc:leader>
<marc:controlfield tag="001">000004905</marc:controlfield>
<marc:controlfield tag="003">Uk</marc:controlfield><marc:controlfield tag="005">20130228180900.0</marc:controlfield><marc:controlfield tag="008">960628|1878|||||||    ||     ||| |||||  </marc:controlfield><marc:datafield tag="040" ind1=" " ind2=" "><marc:subfield code="a">Uk</marc:subfield><marc:subfield code="c">Uk</marc:subfield></marc:datafield><marc:datafield tag="100" ind1="1" ind2=" "><marc:subfield code="a">'ABD ALLĀH IBN 'ABD AL-'AZĪZ, Abu 'Ubayd,</marc:subfield><marc:subfield code="c">al Bakrī.</marc:subfield></marc:datafield><marc:datafield tag="245" ind1="1" ind2="0"><marc:subfield code="a">Извѣстія Ал-Бекри и другихъ авторовъ о Руси и Славянахъ. [With extracts in the original Arabic translated into Russian from his work al-masālik wa'l-mamālik.] Часть I. Статьи и разысканія А. Куника и Барона В. Розена. (Часть 2. Разысканія А. Куника.) Arab. &amp; Russ.</marc:subfield></marc:datafield><marc:datafield tag="260" ind1=" " ind2=" "><marc:subfield code="a">Санктпетербургъ,</marc:subfield><marc:subfield code="c">1878, 1903.</marc:subfield></marc:datafield><marc:datafield tag="300" ind1=" " ind2=" "><marc:subfield code="a">2 част. ;</marc:subfield><marc:subfield code="c">8º.</marc:subfield></marc:datafield><marc:datafield tag="500" ind1=" " ind2=" "><marc:subfield code="a">Часть I. is “Приложеніе къ xxxii-му тому Ваписокъ И. Академіи Наукъ. Но. 2.”.</marc:subfield></marc:datafield><marc:datafield tag="700" ind1="1" ind2=" "><marc:subfield code="a">KUNIK, Arist Aristovich.</marc:subfield></marc:datafield><marc:datafield tag="700" ind1="1" ind2=" "><marc:subfield code="a">ROSEN, Victor,</marc:subfield><marc:subfield code="c">Baron.</marc:subfield></marc:datafield><marc:datafield tag="852" ind1="4" ind2="1"><marc:subfield code="a">British Library</marc:subfield><marc:subfield code="b">OC</marc:subfield><marc:subfield code="j">14566.b.10.</marc:subfield></marc:datafield><marc:datafield tag="886" ind1="2" ind2=" "><marc:subfield code="2">blmarc</marc:subfield><marc:subfield code="a">709</marc:subfield><marc:subfield code="b">00</marc:subfield><marc:subfield code="a">KUNIK</marc:subfield><marc:subfield code="h">Arist Aristovich</marc:subfield><marc:subfield code="p">14566.b.10.</marc:subfield><marc:subfield code="x">1803880015</marc:subfield></marc:datafield><marc:datafield tag="886" ind1="2" ind2=" "><marc:subfield code="2">blmarc</marc:subfield><marc:subfield code="a">709</marc:subfield><marc:subfield code="b">00</marc:subfield><marc:subfield code="a">ROSEN</marc:subfield><marc:subfield code="h">Victor</marc:subfield><marc:subfield code="f">Baron</marc:subfield><marc:subfield code="p">14566.b.10.</marc:subfield><marc:subfield code="x">281271025X</marc:subfield></marc:datafield></marc:record>