
<marc:record><marc:leader>00628cam a22001573  4500</marc:leader>
<marc:controlfield tag="001">000004911</marc:controlfield>
<marc:controlfield tag="003">Uk</marc:controlfield><marc:controlfield tag="005">20110119132200.0</marc:controlfield><marc:controlfield tag="008">870813|1883|||||||    ||    |||| |||||  </marc:controlfield><marc:datafield tag="040" ind1=" " ind2=" "><marc:subfield code="a">Uk</marc:subfield><marc:subfield code="c">Uk</marc:subfield></marc:datafield><marc:datafield tag="245" ind1="1" ind2="0"><marc:subfield code="a">L'Incendie de Singapour en 1828, poème malais ... traduit par ... P. Favre. Malay &amp; Fr.</marc:subfield></marc:datafield><marc:datafield tag="580" ind1=" " ind2=" "><marc:subfield code="a">In : Paris.-École Spéciale des Langues Orientales Vivantes. Mélanges Orientaux, etc. 1883. 8º.</marc:subfield></marc:datafield><marc:datafield tag="700" ind1="1" ind2=" "><marc:subfield code="a">FAVRE, Paul,</marc:subfield><marc:subfield code="c">Abbé.</marc:subfield></marc:datafield><marc:datafield tag="720" ind1=" " ind2=" "><marc:subfield code="a">'ABD ALLĀH IBN 'ABD AL-K̇ĀDIR, Munshi</marc:subfield><marc:subfield code="e">main entry</marc:subfield></marc:datafield><marc:datafield tag="852" ind1="4" ind2="1"><marc:subfield code="a">British Library</marc:subfield><marc:subfield code="b">OC</marc:subfield><marc:subfield code="j">14003.i.16.</marc:subfield></marc:datafield><marc:datafield tag="886" ind1="2" ind2=" "><marc:subfield code="2">blmarc</marc:subfield><marc:subfield code="a">709</marc:subfield><marc:subfield code="b">00</marc:subfield><marc:subfield code="a">FAVRE</marc:subfield><marc:subfield code="h">Paul</marc:subfield><marc:subfield code="f">Abbé</marc:subfield><marc:subfield code="p">14003.i.16.</marc:subfield><marc:subfield code="x">1062390113</marc:subfield></marc:datafield></marc:record>