
<marc:record><marc:leader>00736cam a22001693  4500</marc:leader>
<marc:controlfield tag="001">000004941</marc:controlfield>
<marc:controlfield tag="003">Uk</marc:controlfield><marc:controlfield tag="005">20120224170000.0</marc:controlfield><marc:controlfield tag="008">870813|1846|||||||    ||     ||| |||||  </marc:controlfield><marc:datafield tag="040" ind1=" " ind2=" "><marc:subfield code="a">Uk</marc:subfield><marc:subfield code="c">Uk</marc:subfield></marc:datafield><marc:datafield tag="100" ind1="1" ind2=" "><marc:subfield code="a">ABD ALLĀH IBN MUḢAMMAD, Abu Sālim,</marc:subfield><marc:subfield code="c">al-'Aiyāshī.</marc:subfield></marc:datafield><marc:datafield tag="245" ind1="1" ind2="0"><marc:subfield code="a">Voyages dans le sud de l'Algérie et des États barbaresques de l'ouest et de l'est par El-'Aïachi, etc. [Translated by L. A. Berbrugger.]</marc:subfield></marc:datafield><marc:datafield tag="260" ind1=" " ind2=" "><marc:subfield code="c">1846.</marc:subfield></marc:datafield><marc:datafield tag="580" ind1=" " ind2=" "><marc:subfield code="a">In : Algeria. Exploration scientifique de l'Algérie, etc. Sciences historiques et géographiques. vol. 9. 1844, etc. 4º.</marc:subfield></marc:datafield><marc:datafield tag="700" ind1="1" ind2=" "><marc:subfield code="a">BERBRUGGER, Louis Adrien.</marc:subfield></marc:datafield><marc:datafield tag="852" ind1="4" ind2="1"><marc:subfield code="a">British Library</marc:subfield><marc:subfield code="b">HMNTS</marc:subfield><marc:subfield code="j">10095.h.</marc:subfield></marc:datafield><marc:datafield tag="886" ind1="2" ind2=" "><marc:subfield code="2">blmarc</marc:subfield><marc:subfield code="a">709</marc:subfield><marc:subfield code="b">00</marc:subfield><marc:subfield code="a">BERBRUGGER</marc:subfield><marc:subfield code="h">Louis Adrien</marc:subfield><marc:subfield code="p">10095.h.</marc:subfield><marc:subfield code="x">0254320341</marc:subfield></marc:datafield></marc:record>