
<marc:record><marc:leader>00494cam a22001333  4500</marc:leader>
<marc:controlfield tag="001">000004946</marc:controlfield>
<marc:controlfield tag="003">Uk</marc:controlfield><marc:controlfield tag="005">20110119132200.0</marc:controlfield><marc:controlfield tag="008">870813|1821|||||||    ||    |||| |||||  </marc:controlfield><marc:datafield tag="040" ind1=" " ind2=" "><marc:subfield code="a">Uk</marc:subfield><marc:subfield code="c">Uk</marc:subfield></marc:datafield><marc:datafield tag="245" ind1="1" ind2="0"><marc:subfield code="a">Excerpta ex Ibn Koteibah. [Extracts from the Kitäb al-ma'ārif.]</marc:subfield></marc:datafield><marc:datafield tag="580" ind1=" " ind2=" "><marc:subfield code="a">In : Rasmussen (J. L.) Additamenta ad historiam Arabum ante Islamismum, etc. 1821. 4º.</marc:subfield></marc:datafield><marc:datafield tag="720" ind1=" " ind2=" "><marc:subfield code="a">'ABD ALLĀH IBN MUSLIM, al-Dīnawari, called Ibn K̇utaibah</marc:subfield><marc:subfield code="e">main entry</marc:subfield></marc:datafield><marc:datafield tag="852" ind1="4" ind2="1"><marc:subfield code="a">British Library</marc:subfield><marc:subfield code="b">OC</marc:subfield><marc:subfield code="j">14549.d.7.</marc:subfield></marc:datafield></marc:record>