
<marc:record><marc:leader>00621cam a22001453  4500</marc:leader>
<marc:controlfield tag="001">000004947</marc:controlfield>
<marc:controlfield tag="003">Uk</marc:controlfield><marc:controlfield tag="005">20120418181100.0</marc:controlfield><marc:controlfield tag="008">870813|1875|||||||    ||    |||| |||||  </marc:controlfield><marc:datafield tag="040" ind1=" " ind2=" "><marc:subfield code="a">Uk</marc:subfield><marc:subfield code="c">Uk</marc:subfield></marc:datafield><marc:datafield tag="245" ind1="1" ind2="0"><marc:subfield code="a">[Kitāb al-shi'r wa'l-shu'arā.] Verhandeling over de poëzie van Abû-Mohammad 'Abdo-llâh ibn-Moslim Ibn-Qotaiba ... Arabische tekst met hollandsche vertaling door H. W. C. Rittershausen.</marc:subfield></marc:datafield><marc:datafield tag="300" ind1=" " ind2=" "><marc:subfield code="a">2 pt.</marc:subfield></marc:datafield><marc:datafield tag="580" ind1=" " ind2=" "><marc:subfield code="a">In : Leyden.-Academia Lugduno-Batava. Feestgave, etc. 1875. 4º.</marc:subfield></marc:datafield><marc:datafield tag="720" ind1=" " ind2=" "><marc:subfield code="a">'ABD ALLĀH IBN MUSLIM, al-Dīnawari, called Ibn K̇utaibah</marc:subfield><marc:subfield code="e">main entry</marc:subfield></marc:datafield><marc:datafield tag="852" ind1="4" ind2="1"><marc:subfield code="a">British Library</marc:subfield><marc:subfield code="b">OC</marc:subfield><marc:subfield code="j">14573.d.11.</marc:subfield></marc:datafield></marc:record>