
<marc:record><marc:leader>00953cam a22001933  4500</marc:leader>
<marc:controlfield tag="001">000004954</marc:controlfield>
<marc:controlfield tag="003">Uk</marc:controlfield><marc:controlfield tag="005">20111222151700.0</marc:controlfield><marc:controlfield tag="008">870813|1820|||||||    ||    |||| |||||  </marc:controlfield><marc:datafield tag="040" ind1=" " ind2=" "><marc:subfield code="a">Uk</marc:subfield><marc:subfield code="c">Uk</marc:subfield></marc:datafield><marc:datafield tag="245" ind1="1" ind2="2"><marc:subfield code="a">A Chinese Chronicle: by Abdalla of Beyza [i.e. pt. 8 of &quot;Rauẓat ūlī ul-albāb,&quot; here attributed to Abdalla of Beyza, in fact by Dā'ūd ibn Abi'l Faẓl Muḣammad]. Translated from the Persian, with notes and explanations. By S. Weston.</marc:subfield></marc:datafield><marc:datafield tag="260" ind1=" " ind2=" "><marc:subfield code="a">London :</marc:subfield><marc:subfield code="b">William Clarke,</marc:subfield><marc:subfield code="c">1820.</marc:subfield></marc:datafield><marc:datafield tag="300" ind1=" " ind2=" "><marc:subfield code="a">38 p. ;</marc:subfield><marc:subfield code="c">8º.</marc:subfield></marc:datafield><marc:datafield tag="700" ind1="1" ind2=" "><marc:subfield code="a">DĀ'ŪD IBN ABI'L-FAẒL MUḢAMMAD, Abu Sulaimān,</marc:subfield><marc:subfield code="c">Banakitī.</marc:subfield></marc:datafield><marc:datafield tag="700" ind1="1" ind2=" "><marc:subfield code="a">WESTON, Stephen,</marc:subfield><marc:subfield code="c">F.R.S.</marc:subfield></marc:datafield><marc:datafield tag="720" ind1=" " ind2=" "><marc:subfield code="a">'ABD ALLĀH IBN 'UMAR, al-Baiḍāwī</marc:subfield><marc:subfield code="e">main entry</marc:subfield></marc:datafield><marc:datafield tag="852" ind1="4" ind2="1"><marc:subfield code="a">British Library</marc:subfield><marc:subfield code="b">OC</marc:subfield><marc:subfield code="j">757.h.20.</marc:subfield></marc:datafield><marc:datafield tag="886" ind1="2" ind2=" "><marc:subfield code="2">blmarc</marc:subfield><marc:subfield code="a">709</marc:subfield><marc:subfield code="b">00</marc:subfield><marc:subfield code="a">DĀ'ŪD IBN ABI'L-FAẒL MUḢAMMAD</marc:subfield><marc:subfield code="h">Abu Sulaimān</marc:subfield><marc:subfield code="f">Banakitī</marc:subfield><marc:subfield code="p">757.h.20.</marc:subfield><marc:subfield code="x">0772260281</marc:subfield></marc:datafield><marc:datafield tag="886" ind1="2" ind2=" "><marc:subfield code="2">blmarc</marc:subfield><marc:subfield code="a">709</marc:subfield><marc:subfield code="b">00</marc:subfield><marc:subfield code="a">WESTON</marc:subfield><marc:subfield code="h">Stephen</marc:subfield><marc:subfield code="f">F.R.S.</marc:subfield><marc:subfield code="p">757.h.20.</marc:subfield><marc:subfield code="x">3490360141</marc:subfield></marc:datafield></marc:record>