
<marc:record><marc:leader>00592cam a22001693  4500</marc:leader>
<marc:controlfield tag="001">000004955</marc:controlfield>
<marc:controlfield tag="003">Uk</marc:controlfield><marc:controlfield tag="005">20120120152500.0</marc:controlfield><marc:controlfield tag="008">870813|1887|||||||    ||    |||| |||||  </marc:controlfield><marc:datafield tag="040" ind1=" " ind2=" "><marc:subfield code="a">Uk</marc:subfield><marc:subfield code="c">Uk</marc:subfield></marc:datafield><marc:datafield tag="245" ind1="1" ind2="0"><marc:subfield code="a">La Pluie de rosée, étanchement de la soif. Traité de flexion et syntaxe par Ibnu Hijām. Traduit par A. Goguyer.</marc:subfield></marc:datafield><marc:datafield tag="260" ind1=" " ind2=" "><marc:subfield code="a">Leyde,</marc:subfield><marc:subfield code="c">1887.</marc:subfield></marc:datafield><marc:datafield tag="300" ind1=" " ind2=" "><marc:subfield code="a">xxiv, 406 p. ;</marc:subfield><marc:subfield code="c">8º.</marc:subfield></marc:datafield><marc:datafield tag="700" ind1="1" ind2=" "><marc:subfield code="a">GOGUYER, A.</marc:subfield></marc:datafield><marc:datafield tag="720" ind1=" " ind2=" "><marc:subfield code="a">'ABD ALLĀH IBN YŪSUF, called Ibn Hishām</marc:subfield><marc:subfield code="e">main entry</marc:subfield></marc:datafield><marc:datafield tag="852" ind1="4" ind2="1"><marc:subfield code="a">British Library</marc:subfield><marc:subfield code="b">OC</marc:subfield><marc:subfield code="j">14594.b.25.</marc:subfield></marc:datafield><marc:datafield tag="886" ind1="2" ind2=" "><marc:subfield code="2">blmarc</marc:subfield><marc:subfield code="a">709</marc:subfield><marc:subfield code="b">00</marc:subfield><marc:subfield code="a">GOGUYER</marc:subfield><marc:subfield code="h">A.</marc:subfield><marc:subfield code="p">14594.b.25.</marc:subfield><marc:subfield code="x">1272870146</marc:subfield></marc:datafield></marc:record>