
<marc:record><marc:leader>00837cam a22001453  4500</marc:leader>
<marc:controlfield tag="001">000004956</marc:controlfield>
<marc:controlfield tag="003">Uk</marc:controlfield><marc:controlfield tag="005">20130228180900.0</marc:controlfield><marc:controlfield tag="008">870813|1863|||||||    ||    |||| |||||  </marc:controlfield><marc:datafield tag="040" ind1=" " ind2=" "><marc:subfield code="a">Uk</marc:subfield><marc:subfield code="c">Uk</marc:subfield></marc:datafield><marc:datafield tag="245" ind1="1" ind2="0"><marc:subfield code="a">Русско-Арабскіе общественные разговоры ... приспособленные къ разговорно-арабскому нарѣчію, употребляемому въ Сиріи и въ провинцияхъ Турецкихъ и Персидскихъ Ѳ. Кельзи ... Съ приложеніемъ опыта перевода басень И. А. Крылова на арабскій языкъ. Russ. &amp; Arab.</marc:subfield></marc:datafield><marc:datafield tag="260" ind1=" " ind2=" "><marc:subfield code="a">Санктпетербургъ,</marc:subfield><marc:subfield code="c">1863.</marc:subfield></marc:datafield><marc:datafield tag="300" ind1=" " ind2=" "><marc:subfield code="a">142 p. ;</marc:subfield><marc:subfield code="c">8º.</marc:subfield></marc:datafield><marc:datafield tag="720" ind1=" " ind2=" "><marc:subfield code="a">'ABD ALLĀH KALZĪ, Al-Ḣalabī</marc:subfield><marc:subfield code="e">main entry</marc:subfield></marc:datafield><marc:datafield tag="852" ind1="4" ind2="1"><marc:subfield code="a">British Library</marc:subfield><marc:subfield code="b">OC</marc:subfield><marc:subfield code="j">14586.d.11.</marc:subfield></marc:datafield></marc:record>