
<marc:record><marc:leader>00894cam a22001933  4500</marc:leader>
<marc:controlfield tag="001">000004970</marc:controlfield>
<marc:controlfield tag="003">Uk</marc:controlfield><marc:controlfield tag="005">20120424163700.0</marc:controlfield><marc:controlfield tag="008">870813|1800|||||||    ||    |||| |||||  </marc:controlfield><marc:datafield tag="040" ind1=" " ind2=" "><marc:subfield code="a">Uk</marc:subfield><marc:subfield code="c">Uk</marc:subfield></marc:datafield><marc:datafield tag="245" ind1="1" ind2="0"><marc:subfield code="a">Latifi, oder biographische Nachrichten von vorzüglichen türkischen Dichtern, nebst einer Blumenlese aus ihren Werken. Aus dem Turkischen des Monla Abdul Latifi und des Aschik Hassan Tschelebe übersezt von Thomas Chabert.</marc:subfield></marc:datafield><marc:datafield tag="260" ind1=" " ind2=" "><marc:subfield code="a">Zürich,</marc:subfield><marc:subfield code="c">1800.</marc:subfield></marc:datafield><marc:datafield tag="300" ind1=" " ind2=" "><marc:subfield code="a">xiv, 308 p. ;</marc:subfield><marc:subfield code="c">8º.</marc:subfield></marc:datafield><marc:datafield tag="700" ind1="1" ind2=" "><marc:subfield code="a">CHABERT, Thomas.</marc:subfield></marc:datafield><marc:datafield tag="720" ind1=" " ind2=" "><marc:subfield code="a">'ABD AL-LAṪĪF, al-K̇asṫamūnī, called Laṫīfī</marc:subfield><marc:subfield code="e">main entry</marc:subfield></marc:datafield><marc:datafield tag="720" ind1=" " ind2=" "><marc:subfield code="a">MUḢAMMAD IBN 'ALĪ, called 'Ashik̇ Chelebī</marc:subfield></marc:datafield><marc:datafield tag="852" ind1="4" ind2="1"><marc:subfield code="a">British Library</marc:subfield><marc:subfield code="b">OC</marc:subfield><marc:subfield code="j">14472.a.4.</marc:subfield></marc:datafield><marc:datafield tag="886" ind1="2" ind2=" "><marc:subfield code="2">blmarc</marc:subfield><marc:subfield code="a">709</marc:subfield><marc:subfield code="b">00</marc:subfield><marc:subfield code="a">CHABERT</marc:subfield><marc:subfield code="h">Thomas</marc:subfield><marc:subfield code="p">14472.a.4.</marc:subfield><marc:subfield code="x">0574430105</marc:subfield></marc:datafield><marc:datafield tag="886" ind1="2" ind2=" "><marc:subfield code="2">blmarc</marc:subfield><marc:subfield code="a">709</marc:subfield><marc:subfield code="b">00</marc:subfield><marc:subfield code="a">MUḢAMMAD IBN 'ALĪ, called 'Ashik̇ Chelebī</marc:subfield><marc:subfield code="p">14472.a.4.</marc:subfield><marc:subfield code="x">2293090108</marc:subfield></marc:datafield></marc:record>