
<marc:record><marc:leader>00634cam a22001453  4500</marc:leader>
<marc:controlfield tag="001">000004974</marc:controlfield>
<marc:controlfield tag="003">Uk</marc:controlfield><marc:controlfield tag="005">20120224170000.0</marc:controlfield><marc:controlfield tag="008">870813|1884|||||||    ||    |||| |||||  </marc:controlfield><marc:datafield tag="040" ind1=" " ind2=" "><marc:subfield code="a">Uk</marc:subfield><marc:subfield code="c">Uk</marc:subfield></marc:datafield><marc:datafield tag="245" ind1="1" ind2="0"><marc:subfield code="a">Extrait de l'autobiographie d'A'bd el-Latîf. [With a French translation by Baron W. MacGuckin de Slane.] Arab. &amp; Fr.</marc:subfield></marc:datafield><marc:datafield tag="260" ind1=" " ind2=" "><marc:subfield code="c">1884.</marc:subfield></marc:datafield><marc:datafield tag="580" ind1=" " ind2=" "><marc:subfield code="a">In : Paris.-Académie des Inscriptions et Belles Lettres. Recueil des Historiens des Croisades. Historiens Orientaux. tom. 3. 1841, etc. fol.</marc:subfield></marc:datafield><marc:datafield tag="720" ind1=" " ind2=" "><marc:subfield code="a">'ABD AL-LAṪĪF IBN YŪSUF, al-Baghdādī, called Ibn al-Labbād</marc:subfield><marc:subfield code="e">main entry</marc:subfield></marc:datafield><marc:datafield tag="852" ind1="4" ind2="1"><marc:subfield code="a">British Library</marc:subfield><marc:subfield code="b">HMNTS</marc:subfield><marc:subfield code="j">1899.m.31.</marc:subfield></marc:datafield></marc:record>