
<marc:record><marc:leader>01322cam a22002413  4500</marc:leader>
<marc:controlfield tag="001">000004976</marc:controlfield>
<marc:controlfield tag="003">Uk</marc:controlfield><marc:controlfield tag="005">20110608143900.0</marc:controlfield><marc:controlfield tag="008">870813|1800|||||||    ||    |||| |||||  </marc:controlfield><marc:datafield tag="040" ind1=" " ind2=" "><marc:subfield code="a">Uk</marc:subfield><marc:subfield code="c">Uk</marc:subfield></marc:datafield><marc:datafield tag="245" ind1="1" ind2="0"><marc:subfield code="a">[Abdollatiphi Historiæ Ægypti compendium. [With a Latin version by Edward Pocock the younger.] Arab. &amp; Lat.]</marc:subfield></marc:datafield><marc:datafield tag="250" ind1=" " ind2=" "><marc:subfield code="a">[Another edition.] Abdollatiphi historiæ Ægypti compendium ... Partim ipse vertit, partim a Pocockio versum edendum curavit, notisque illustravit J. White. Arab. &amp; Lat.</marc:subfield></marc:datafield><marc:datafield tag="260" ind1=" " ind2=" "><marc:subfield code="a">Oxonii :</marc:subfield><marc:subfield code="b">J. Cooke, etc.,</marc:subfield><marc:subfield code="c">1800.</marc:subfield></marc:datafield><marc:datafield tag="300" ind1=" " ind2=" "><marc:subfield code="a">xxxii. 321 p. ;</marc:subfield><marc:subfield code="c">4º.</marc:subfield></marc:datafield><marc:datafield tag="700" ind1="1" ind2=" "><marc:subfield code="a">POCOCK, Edward,</marc:subfield><marc:subfield code="c">the Elder.</marc:subfield><marc:subfield code="t">Appendix.</marc:subfield></marc:datafield><marc:datafield tag="700" ind1="1" ind2=" "><marc:subfield code="a">White, Joseph,</marc:subfield><marc:subfield code="d">1745-1814.</marc:subfield></marc:datafield><marc:datafield tag="720" ind1=" " ind2=" "><marc:subfield code="a">'ABD AL-LAṪĪF IBN YŪSUF, al-Baghdādī, called Ibn al-Labbād</marc:subfield><marc:subfield code="e">main entry</marc:subfield></marc:datafield><marc:datafield tag="787" ind1="0" ind2=" "><marc:subfield code="t">Abdollatiphi Historiæ Ægypti compendium. [With a Latin version by Edward Pocock the younger.] Arab. &amp; Lat.</marc:subfield><marc:subfield code="d">[Oxford, 1680?] 8º.</marc:subfield><marc:subfield code="w">(Uk)MP1.0000005269</marc:subfield></marc:datafield><marc:datafield tag="852" ind1="4" ind2="1"><marc:subfield code="a">British Library</marc:subfield><marc:subfield code="b">HMNTS</marc:subfield><marc:subfield code="j">983.e.6.</marc:subfield></marc:datafield><marc:datafield tag="852" ind1="4" ind2="1"><marc:subfield code="a">British Library</marc:subfield><marc:subfield code="b">HMNTS</marc:subfield><marc:subfield code="j">148.d.4.</marc:subfield><marc:subfield code="3">[Another copy.]</marc:subfield></marc:datafield><marc:datafield tag="852" ind1="4" ind2="1"><marc:subfield code="a">British Library</marc:subfield><marc:subfield code="b">HMNTS</marc:subfield><marc:subfield code="j">G.15137.</marc:subfield><marc:subfield code="3">[Another copy.]</marc:subfield></marc:datafield><marc:datafield tag="886" ind1="2" ind2=" "><marc:subfield code="2">blmarc</marc:subfield><marc:subfield code="a">709</marc:subfield><marc:subfield code="b">00</marc:subfield><marc:subfield code="a">POCOCK</marc:subfield><marc:subfield code="h">Edward</marc:subfield><marc:subfield code="f">the Elder</marc:subfield><marc:subfield code="t">Appendix</marc:subfield><marc:subfield code="p">C.38.d.17.</marc:subfield><marc:subfield code="x">2611420092</marc:subfield><marc:subfield code="p">983.e.6.</marc:subfield><marc:subfield code="x">2611420092</marc:subfield></marc:datafield><marc:datafield tag="886" ind1="2" ind2=" "><marc:subfield code="2">blmarc</marc:subfield><marc:subfield code="a">709</marc:subfield><marc:subfield code="b">00</marc:subfield><marc:subfield code="a">WHITE</marc:subfield><marc:subfield code="h">Joseph</marc:subfield><marc:subfield code="f">Canon of Christ Church</marc:subfield><marc:subfield code="p">983.e.6.</marc:subfield><marc:subfield code="x">3494620369</marc:subfield></marc:datafield></marc:record>