
<marc:record><marc:leader>00582cam a22001693  4500</marc:leader>
<marc:controlfield tag="001">000005009</marc:controlfield>
<marc:controlfield tag="003">Uk</marc:controlfield><marc:controlfield tag="005">20110119132200.0</marc:controlfield><marc:controlfield tag="008">870813|1900|||||||    ||     ||| |||||  </marc:controlfield><marc:datafield tag="040" ind1=" " ind2=" "><marc:subfield code="a">Uk</marc:subfield><marc:subfield code="c">Uk</marc:subfield></marc:datafield><marc:datafield tag="100" ind1="1" ind2=" "><marc:subfield code="a">'ABD AL-MALIK IBN MUḢAMMAD, Abu Manṡūr,</marc:subfield><marc:subfield code="c">al-Tha'ālibī.</marc:subfield></marc:datafield><marc:datafield tag="245" ind1="1" ind2="0"><marc:subfield code="a">Histoire des rois des Perses ... Texte arabe publié et traduit par H. Zotenberg.</marc:subfield></marc:datafield><marc:datafield tag="260" ind1=" " ind2=" "><marc:subfield code="a">pp. 1. 758. Paris, 1900.</marc:subfield></marc:datafield><marc:datafield tag="300" ind1=" " ind2=" "><marc:subfield code="a">4º.</marc:subfield></marc:datafield><marc:datafield tag="700" ind1="1" ind2=" "><marc:subfield code="a">Zotenberg, Hermann,</marc:subfield><marc:subfield code="d">1836-1894.</marc:subfield></marc:datafield><marc:datafield tag="852" ind1="4" ind2="1"><marc:subfield code="a">British Library</marc:subfield><marc:subfield code="b">OC</marc:subfield><marc:subfield code="j">14554.e.2.</marc:subfield></marc:datafield><marc:datafield tag="886" ind1="2" ind2=" "><marc:subfield code="2">blmarc</marc:subfield><marc:subfield code="a">709</marc:subfield><marc:subfield code="b">00</marc:subfield><marc:subfield code="a">ZOTENBERG</marc:subfield><marc:subfield code="h">Hermann</marc:subfield><marc:subfield code="p">14554.e.2.</marc:subfield><marc:subfield code="x">3602620093</marc:subfield></marc:datafield></marc:record>