
<marc:record><marc:leader>00802cam a22001693  4500</marc:leader>
<marc:controlfield tag="001">000005010</marc:controlfield>
<marc:controlfield tag="003">Uk</marc:controlfield><marc:controlfield tag="005">20110119132200.0</marc:controlfield><marc:controlfield tag="008">870813|1844|||||||    ||     ||| |||||  </marc:controlfield><marc:datafield tag="040" ind1=" " ind2=" "><marc:subfield code="a">Uk</marc:subfield><marc:subfield code="c">Uk</marc:subfield></marc:datafield><marc:datafield tag="100" ind1="1" ind2=" "><marc:subfield code="a">'ABD AL-MALIK IBN MUḢAMMAD, Abu Manṡūr,</marc:subfield><marc:subfield code="c">al-Tha'ālibī.</marc:subfield></marc:datafield><marc:datafield tag="245" ind1="1" ind2="0"><marc:subfield code="a">Specimen e litteris Orientalibus, exhibens |Taālibīi syntagma dictorum brevium et acutorum [an abridgment of the author's “al-Ījāz wal-i'jāz],” quod ... ex codice ms. Bibliothecae Leidensis Arabice edidit, Latine reddidit, et annotatione illustravit J. J. P. Valeton.</marc:subfield></marc:datafield><marc:datafield tag="260" ind1=" " ind2=" "><marc:subfield code="a">pp. 117. 67. Lugduni Batavorum, 1844.</marc:subfield></marc:datafield><marc:datafield tag="300" ind1=" " ind2=" "><marc:subfield code="a">4º.</marc:subfield></marc:datafield><marc:datafield tag="700" ind1="1" ind2=" "><marc:subfield code="a">VALETON, Jozua Jan Philippus.</marc:subfield></marc:datafield><marc:datafield tag="852" ind1="4" ind2="1"><marc:subfield code="a">British Library</marc:subfield><marc:subfield code="b">OC</marc:subfield><marc:subfield code="j">14576.c.6.</marc:subfield></marc:datafield><marc:datafield tag="886" ind1="2" ind2=" "><marc:subfield code="2">blmarc</marc:subfield><marc:subfield code="a">709</marc:subfield><marc:subfield code="b">00</marc:subfield><marc:subfield code="a">VALETON</marc:subfield><marc:subfield code="h">Jozua Jan Philippus</marc:subfield><marc:subfield code="p">14576.c.6.</marc:subfield><marc:subfield code="x">3361870054</marc:subfield></marc:datafield></marc:record>