
<marc:record><marc:leader>00959cam a22001933  4500</marc:leader>
<marc:controlfield tag="001">000005011</marc:controlfield>
<marc:controlfield tag="003">Uk</marc:controlfield><marc:controlfield tag="005">20110119132200.0</marc:controlfield><marc:controlfield tag="008">870813|1829|||||||    ||     ||| |||||  </marc:controlfield><marc:datafield tag="040" ind1=" " ind2=" "><marc:subfield code="a">Uk</marc:subfield><marc:subfield code="c">Uk</marc:subfield></marc:datafield><marc:datafield tag="100" ind1="1" ind2=" "><marc:subfield code="a">'ABD AL-MALIK IBN MUḢAMMAD, Abu Manṡūr,</marc:subfield><marc:subfield code="c">al-Tha'ālibī.</marc:subfield></marc:datafield><marc:datafield tag="245" ind1="1" ind2="0"><marc:subfield code="a">Der vertraute Gefährte des Einsamen in schlagfertigen Gegenreden [being an abridgment of the author's “Mu'nis al-waḣīd”] ... Übersetzt, berichtigt und mit Anmerkungen erläutert durch G. Flügel. Nebst einem Vorworte des Herrn ... J. Ritter von Hammer. [With the text.] F.P.</marc:subfield></marc:datafield><marc:datafield tag="260" ind1=" " ind2=" "><marc:subfield code="a">pp. xxxii. 291. 50. Wien, 1829.</marc:subfield></marc:datafield><marc:datafield tag="300" ind1=" " ind2=" "><marc:subfield code="a">4º.</marc:subfield></marc:datafield><marc:datafield tag="700" ind1="1" ind2=" "><marc:subfield code="a">FLUEGEL, Gustav Leberecht.</marc:subfield></marc:datafield><marc:datafield tag="700" ind1="1" ind2=" "><marc:subfield code="a">Hammer-Purgstall, Joseph,</marc:subfield><marc:subfield code="c">Freiherr von,</marc:subfield><marc:subfield code="d">1774-1856.</marc:subfield></marc:datafield><marc:datafield tag="852" ind1="4" ind2="1"><marc:subfield code="a">British Library</marc:subfield><marc:subfield code="b">OC</marc:subfield><marc:subfield code="j">14576.b.1.</marc:subfield></marc:datafield><marc:datafield tag="886" ind1="2" ind2=" "><marc:subfield code="2">blmarc</marc:subfield><marc:subfield code="a">709</marc:subfield><marc:subfield code="b">00</marc:subfield><marc:subfield code="a">FLUEGEL</marc:subfield><marc:subfield code="h">Gustav Leberecht</marc:subfield><marc:subfield code="p">14576.b.1.</marc:subfield><marc:subfield code="x">1104130157</marc:subfield></marc:datafield><marc:datafield tag="886" ind1="2" ind2=" "><marc:subfield code="2">blmarc</marc:subfield><marc:subfield code="a">709</marc:subfield><marc:subfield code="b">00</marc:subfield><marc:subfield code="a">HAMMER-PURGSTALL</marc:subfield><marc:subfield code="h">Joseph von</marc:subfield><marc:subfield code="f">Baron</marc:subfield><marc:subfield code="p">14576.b.1.</marc:subfield><marc:subfield code="x">1390010171</marc:subfield></marc:datafield></marc:record>