
<marc:record><marc:leader>00569cam a22001333  4500</marc:leader>
<marc:controlfield tag="001">000005012</marc:controlfield>
<marc:controlfield tag="003">Uk</marc:controlfield><marc:controlfield tag="005">20110119132200.0</marc:controlfield><marc:controlfield tag="008">870813|1847|||||||    ||     ||| |||||  </marc:controlfield><marc:datafield tag="040" ind1=" " ind2=" "><marc:subfield code="a">Uk</marc:subfield><marc:subfield code="c">Uk</marc:subfield></marc:datafield><marc:datafield tag="100" ind1="1" ind2=" "><marc:subfield code="a">'ABD AL-MALIK IBN MUḢAMMAD, Abu Manṡūr,</marc:subfield><marc:subfield code="c">al-Tha'ālibī.</marc:subfield></marc:datafield><marc:datafield tag="245" ind1="1" ind2="0"><marc:subfield code="a">Das zweite Capitel des ersten Buchs der Edelperle nach Pariser und Gothaer Handschriften herausgegeben. Uebersetzung. Verzeichniss aller in der Jetîma behandelten Dichter.</marc:subfield></marc:datafield><marc:datafield tag="580" ind1=" " ind2=" "><marc:subfield code="a">In : Dieterici (F. H.) Mutanabbi und Seifuddaula, etc. 1847. 8º.</marc:subfield></marc:datafield><marc:datafield tag="852" ind1="4" ind2="1"><marc:subfield code="a">British Library</marc:subfield><marc:subfield code="b">OC</marc:subfield><marc:subfield code="j">14573.b.9.</marc:subfield></marc:datafield></marc:record>