
<marc:record><marc:leader>01000cam a22001933  4500</marc:leader>
<marc:controlfield tag="001">000005022</marc:controlfield>
<marc:controlfield tag="003">Uk</marc:controlfield><marc:controlfield tag="005">20070815092723.0</marc:controlfield><marc:controlfield tag="008">870813|1887||||enk    ||    |||| |||||  </marc:controlfield><marc:datafield tag="040" ind1=" " ind2=" "><marc:subfield code="a">Uk</marc:subfield><marc:subfield code="c">Uk</marc:subfield></marc:datafield><marc:datafield tag="245" ind1="1" ind2="5"><marc:subfield code="a">[The Apology of Al Kindy, written ... A.D. 830, in defence of Christianity against Islam. [Translated from the Arabic.] With an essay on its age and authorship ... by Sir W. Muir.]</marc:subfield></marc:datafield><marc:datafield tag="250" ind1=" " ind2=" "><marc:subfield code="a">Second edition.</marc:subfield></marc:datafield><marc:datafield tag="260" ind1=" " ind2=" "><marc:subfield code="a">London :</marc:subfield><marc:subfield code="b">S.P.C.K.,</marc:subfield><marc:subfield code="c">1887.</marc:subfield></marc:datafield><marc:datafield tag="300" ind1=" " ind2=" "><marc:subfield code="a">122 p. ;</marc:subfield><marc:subfield code="c">8º.</marc:subfield></marc:datafield><marc:datafield tag="700" ind1="0" ind2=" "><marc:subfield code="a">Kindī,</marc:subfield><marc:subfield code="d">-approximately 873.</marc:subfield></marc:datafield><marc:datafield tag="700" ind1="1" ind2=" "><marc:subfield code="a">Muir, William,</marc:subfield><marc:subfield code="c">Sir,</marc:subfield><marc:subfield code="d">1819-1905.</marc:subfield></marc:datafield><marc:datafield tag="787" ind1="0" ind2=" "><marc:subfield code="t">The Apology of Al Kindy, written ... A.D. 830, in defence of Christianity against Islam. [Translated from the Arabic.] With an essay on its age and authorship ... by Sir W. Muir.</marc:subfield><marc:subfield code="d">pp. xii. xviii. 59. Smith, Elder &amp; Co.: London, 1882. 8º.</marc:subfield><marc:subfield code="w">(Uk)MP1.0000005310</marc:subfield></marc:datafield><marc:datafield tag="852" ind1="4" ind2="1"><marc:subfield code="a">British Library</marc:subfield><marc:subfield code="b">OC</marc:subfield><marc:subfield code="j">14503.a.4.</marc:subfield></marc:datafield><marc:datafield tag="886" ind1="2" ind2=" "><marc:subfield code="2">blmarc</marc:subfield><marc:subfield code="a">709</marc:subfield><marc:subfield code="b">00</marc:subfield><marc:subfield code="a">MUIR</marc:subfield><marc:subfield code="e">Sir</marc:subfield><marc:subfield code="h">William</marc:subfield><marc:subfield code="f">K.C.S.I.</marc:subfield><marc:subfield code="p">14503.a.4.</marc:subfield><marc:subfield code="x">2293670155</marc:subfield><marc:subfield code="p">14505.c.13.</marc:subfield><marc:subfield code="x">2293670155</marc:subfield></marc:datafield></marc:record>