
<marc:record><marc:leader>00722cam a22001693  4500</marc:leader>
<marc:controlfield tag="001">000005054</marc:controlfield>
<marc:controlfield tag="003">Uk</marc:controlfield><marc:controlfield tag="005">20110119132200.0</marc:controlfield><marc:controlfield tag="008">870813|1858|||||||    ||    |||| |||||  </marc:controlfield><marc:datafield tag="040" ind1=" " ind2=" "><marc:subfield code="a">Uk</marc:subfield><marc:subfield code="c">Uk</marc:subfield></marc:datafield><marc:datafield tag="245" ind1="1" ind2="0"><marc:subfield code="a">Ibn Abd-El-Hakem's History of the Conquest of Spain. Now edited for the first time, translated from the Arabic with critical and exegetical notes, and an historical introduction by J. H. Jones.</marc:subfield></marc:datafield><marc:datafield tag="260" ind1=" " ind2=" "><marc:subfield code="a">2 pt. Dieterich: Goettingen: Williams &amp; Norgate: London, 1858.</marc:subfield></marc:datafield><marc:datafield tag="300" ind1=" " ind2=" "><marc:subfield code="a">8º.</marc:subfield></marc:datafield><marc:datafield tag="700" ind1="1" ind2=" "><marc:subfield code="a">JONES, John Harris.</marc:subfield></marc:datafield><marc:datafield tag="720" ind1=" " ind2=" "><marc:subfield code="a">'ABD AL-RAḢMĀN IBN 'ABD ALLĀH IBN 'ABD AL-ḢAKAM</marc:subfield><marc:subfield code="e">main entry</marc:subfield></marc:datafield><marc:datafield tag="852" ind1="4" ind2="1"><marc:subfield code="a">British Library</marc:subfield><marc:subfield code="b">OC</marc:subfield><marc:subfield code="j">14555.b.5.</marc:subfield></marc:datafield><marc:datafield tag="886" ind1="2" ind2=" "><marc:subfield code="2">blmarc</marc:subfield><marc:subfield code="a">709</marc:subfield><marc:subfield code="b">00</marc:subfield><marc:subfield code="a">JONES</marc:subfield><marc:subfield code="h">John Harris</marc:subfield><marc:subfield code="p">14555.b.5.</marc:subfield><marc:subfield code="x">1680150154</marc:subfield></marc:datafield></marc:record>