
<marc:record><marc:leader>00877cam a22002053  4500</marc:leader>
<marc:controlfield tag="001">000005057</marc:controlfield>
<marc:controlfield tag="003">Uk</marc:controlfield><marc:controlfield tag="005">20120420175200.0</marc:controlfield><marc:controlfield tag="008">870813|1834|||||||    ||     ||| |||||  </marc:controlfield><marc:datafield tag="040" ind1=" " ind2=" "><marc:subfield code="a">Uk</marc:subfield><marc:subfield code="c">Uk</marc:subfield></marc:datafield><marc:datafield tag="100" ind1="1" ind2=" "><marc:subfield code="a">'ABD AL-RAḢMĀN IBN ABI-BAKR, Jalāl al-Dīn,</marc:subfield><marc:subfield code="c">al-Suyūlī.</marc:subfield></marc:datafield><marc:datafield tag="245" ind1="1" ind2="0"><marc:subfield code="a">[Ḣusn al-muḣāḍarah.] Fragmenta quædam libri ... auctore Gelal-eddino Sojuthensi, quæ ... p. p. ... C. J. Tornberg ... et C. E. Hagdahl. [With a Latin translation and notes.] pt. 1. Ms. notes.</marc:subfield></marc:datafield><marc:datafield tag="260" ind1=" " ind2=" "><marc:subfield code="a">Upsaliæ,</marc:subfield><marc:subfield code="c">[1834]</marc:subfield></marc:datafield><marc:datafield tag="300" ind1=" " ind2=" "><marc:subfield code="a">50 p. ;</marc:subfield><marc:subfield code="c">4º.</marc:subfield></marc:datafield><marc:datafield tag="500" ind1=" " ind2=" "><marc:subfield code="a">No more published.</marc:subfield></marc:datafield><marc:datafield tag="700" ind1="1" ind2=" "><marc:subfield code="a">HAGDAHL, Carolus Emilius.</marc:subfield></marc:datafield><marc:datafield tag="700" ind1="1" ind2=" "><marc:subfield code="a">Tornberg, Carolus Johannes,</marc:subfield><marc:subfield code="d">1807-1877.</marc:subfield></marc:datafield><marc:datafield tag="852" ind1="4" ind2="1"><marc:subfield code="a">British Library</marc:subfield><marc:subfield code="b">OC</marc:subfield><marc:subfield code="j">14555.a.14.</marc:subfield></marc:datafield><marc:datafield tag="886" ind1="2" ind2=" "><marc:subfield code="2">blmarc</marc:subfield><marc:subfield code="a">709</marc:subfield><marc:subfield code="b">00</marc:subfield><marc:subfield code="a">HAGDAHL</marc:subfield><marc:subfield code="h">Carolus Emilius</marc:subfield><marc:subfield code="p">14555.a.14.</marc:subfield><marc:subfield code="x">1370700016</marc:subfield></marc:datafield><marc:datafield tag="886" ind1="2" ind2=" "><marc:subfield code="2">blmarc</marc:subfield><marc:subfield code="a">709</marc:subfield><marc:subfield code="b">00</marc:subfield><marc:subfield code="a">TORNBERG</marc:subfield><marc:subfield code="h">Carl Johan</marc:subfield><marc:subfield code="p">14555.a.14.</marc:subfield><marc:subfield code="x">3274350230</marc:subfield></marc:datafield></marc:record>