
<marc:record><marc:leader>00832cam a22001693  4500</marc:leader>
<marc:controlfield tag="001">000005058</marc:controlfield>
<marc:controlfield tag="003">Uk</marc:controlfield><marc:controlfield tag="005">20110119132200.0</marc:controlfield><marc:controlfield tag="008">870813|1851|||||||    ||     ||| |||||  </marc:controlfield><marc:datafield tag="040" ind1=" " ind2=" "><marc:subfield code="a">Uk</marc:subfield><marc:subfield code="c">Uk</marc:subfield></marc:datafield><marc:datafield tag="100" ind1="1" ind2=" "><marc:subfield code="a">'ABD AL-RAḢMĀN IBN ABI-BAKR, Jalāl al-Dīn,</marc:subfield><marc:subfield code="c">al-Suyūlī.</marc:subfield></marc:datafield><marc:datafield tag="245" ind1="1" ind2="0"><marc:subfield code="a">[al-Jāmi' al-ṡaghīr.] Civilité Musulmane, ou recueil de sentences et de maximes extraites de l'ouvrage (Djamâ ess'rir) du célèbre auteur arabe l'Iman Essiyouthi, avec une traduction littérale en regard du texte arabe, suivie d'une autre traduction du mot-à-mot et de notes explicatives, par F. Cadoz.</marc:subfield></marc:datafield><marc:datafield tag="260" ind1=" " ind2=" "><marc:subfield code="a">pp. 126. Alger, Paris; Marseille [printed], 1851.</marc:subfield></marc:datafield><marc:datafield tag="300" ind1=" " ind2=" "><marc:subfield code="a">12º.</marc:subfield></marc:datafield><marc:datafield tag="700" ind1="1" ind2=" "><marc:subfield code="a">CADOZ, François.</marc:subfield></marc:datafield><marc:datafield tag="852" ind1="4" ind2="1"><marc:subfield code="a">British Library</marc:subfield><marc:subfield code="b">OC</marc:subfield><marc:subfield code="j">14521.a.5.</marc:subfield></marc:datafield><marc:datafield tag="886" ind1="2" ind2=" "><marc:subfield code="2">blmarc</marc:subfield><marc:subfield code="a">709</marc:subfield><marc:subfield code="b">00</marc:subfield><marc:subfield code="a">CADOZ</marc:subfield><marc:subfield code="h">François</marc:subfield><marc:subfield code="p">14521.a.5.</marc:subfield><marc:subfield code="x">0502760060</marc:subfield></marc:datafield></marc:record>