
<marc:record><marc:leader>00532cam a22001333  4500</marc:leader>
<marc:controlfield tag="001">000005059</marc:controlfield>
<marc:controlfield tag="003">Uk</marc:controlfield><marc:controlfield tag="005">20110119132200.0</marc:controlfield><marc:controlfield tag="008">870813|1880|||||||    ||     ||| |||||  </marc:controlfield><marc:datafield tag="040" ind1=" " ind2=" "><marc:subfield code="a">Uk</marc:subfield><marc:subfield code="c">Uk</marc:subfield></marc:datafield><marc:datafield tag="100" ind1="1" ind2=" "><marc:subfield code="a">'ABD AL-RAḢMĀN IBN ABI-BAKR, Jalāl al-Dīn,</marc:subfield><marc:subfield code="c">al-Suyūlī.</marc:subfield></marc:datafield><marc:datafield tag="245" ind1="1" ind2="0"><marc:subfield code="a">Acte de foi de Souyouti.-Commentaire du texte par l'auteur lui-même. [A supposititious work.]</marc:subfield></marc:datafield><marc:datafield tag="580" ind1=" " ind2=" "><marc:subfield code="a">In : Raḣmat Allāh ibn Khalīl al-Raḣmān, al-Dihlavī. Idh-har-Ul-Haqq, etc. tom. 2. 1880. 8º.</marc:subfield></marc:datafield><marc:datafield tag="852" ind1="4" ind2="1"><marc:subfield code="a">British Library</marc:subfield><marc:subfield code="b">OC</marc:subfield><marc:subfield code="j">14505.d.2.</marc:subfield></marc:datafield></marc:record>