
<marc:record><marc:leader>00911cam a22001933  4500</marc:leader>
<marc:controlfield tag="001">000005063</marc:controlfield>
<marc:controlfield tag="003">Uk</marc:controlfield><marc:controlfield tag="005">20120919173400.0</marc:controlfield><marc:controlfield tag="008">870813|1856|||||||    ||     ||| |||||  </marc:controlfield><marc:datafield tag="040" ind1=" " ind2=" "><marc:subfield code="a">Uk</marc:subfield><marc:subfield code="c">Uk</marc:subfield></marc:datafield><marc:datafield tag="100" ind1="1" ind2=" "><marc:subfield code="a">'ABD AL-RAḢMĀN IBN ABI-BAKR, Jalāl al-Dīn,</marc:subfield><marc:subfield code="c">al-Suyūlī.</marc:subfield></marc:datafield><marc:datafield tag="245" ind1="1" ind2="0"><marc:subfield code="a">Sidi-Siouti. Livre de la miséricorde dans l'art de guérir les maladies et de conserver la santé. [By Mahdī ibn 'Alī al-Ṡubunrī, but here ascribed to al-Suyūṫī.] Traduction littérale ... par M. Pharaon ... revue ... et annotée par ... A. Bertherand.</marc:subfield></marc:datafield><marc:datafield tag="260" ind1=" " ind2=" "><marc:subfield code="a">Paris, Alger [printed],</marc:subfield><marc:subfield code="c">1856.</marc:subfield></marc:datafield><marc:datafield tag="300" ind1=" " ind2=" "><marc:subfield code="a">83 p. ;</marc:subfield><marc:subfield code="c">8º.</marc:subfield></marc:datafield><marc:datafield tag="700" ind1="1" ind2=" "><marc:subfield code="a">BERTHERAND, Alphonse François.</marc:subfield></marc:datafield><marc:datafield tag="700" ind1="1" ind2=" "><marc:subfield code="a">PHARAON, Florian.</marc:subfield></marc:datafield><marc:datafield tag="852" ind1="4" ind2="1"><marc:subfield code="a">British Library</marc:subfield><marc:subfield code="b">OC</marc:subfield><marc:subfield code="j">14535.b.5.</marc:subfield></marc:datafield><marc:datafield tag="886" ind1="2" ind2=" "><marc:subfield code="2">blmarc</marc:subfield><marc:subfield code="a">709</marc:subfield><marc:subfield code="b">00</marc:subfield><marc:subfield code="a">BERTHERAND</marc:subfield><marc:subfield code="h">Alphonse François</marc:subfield><marc:subfield code="p">14535.b.5.</marc:subfield><marc:subfield code="x">0272440272</marc:subfield></marc:datafield><marc:datafield tag="886" ind1="2" ind2=" "><marc:subfield code="2">blmarc</marc:subfield><marc:subfield code="a">709</marc:subfield><marc:subfield code="b">00</marc:subfield><marc:subfield code="a">PHARAON</marc:subfield><marc:subfield code="h">Florian</marc:subfield><marc:subfield code="p">14535.b.5.</marc:subfield><marc:subfield code="x">2571110020</marc:subfield></marc:datafield></marc:record>