
<marc:record><marc:leader>00836cam a22001693  4500</marc:leader>
<marc:controlfield tag="001">000005064</marc:controlfield>
<marc:controlfield tag="003">Uk</marc:controlfield><marc:controlfield tag="005">20070522113814.0</marc:controlfield><marc:controlfield tag="008">870813|1884|||||||    ||     ||| |||||  </marc:controlfield><marc:datafield tag="040" ind1=" " ind2=" "><marc:subfield code="a">Uk</marc:subfield><marc:subfield code="c">Uk</marc:subfield></marc:datafield><marc:datafield tag="100" ind1="1" ind2=" "><marc:subfield code="a">'ABD AL-RAḢMĀN IBN ABI-BAKR, Jalāl al-Dīn,</marc:subfield><marc:subfield code="c">al-Suyūlī.</marc:subfield></marc:datafield><marc:datafield tag="245" ind1="1" ind2="0"><marc:subfield code="a">Unternehmungen der Mamluken gegen Cypern und Rhodus in den Jahren 1423-1444 nach Christo, Auszug aus des Ǵelâl ed-Dîn es-Sujûtī Geschichte des Sultans El-Melik El-Aschraf Qaitbâj. Arabisch und Deutsch mit Anmerkungen. [An extract from an anonymous work erroneously attributed to al-Suyūtī. Edited by A. Wahrmund.]</marc:subfield></marc:datafield><marc:datafield tag="260" ind1=" " ind2=" "><marc:subfield code="a">Wien,</marc:subfield><marc:subfield code="c">1884.</marc:subfield></marc:datafield><marc:datafield tag="300" ind1=" " ind2=" "><marc:subfield code="a">43, 16 p. ;</marc:subfield><marc:subfield code="c">8º.</marc:subfield></marc:datafield><marc:datafield tag="700" ind1="1" ind2=" "><marc:subfield code="a">Wahrmund, Adolf,</marc:subfield><marc:subfield code="d">1827-1913.</marc:subfield></marc:datafield><marc:datafield tag="852" ind1="4" ind2="1"><marc:subfield code="a">British Library</marc:subfield><marc:subfield code="b">OC</marc:subfield><marc:subfield code="j">14555.b.27.(1.)</marc:subfield></marc:datafield><marc:datafield tag="886" ind1="2" ind2=" "><marc:subfield code="2">blmarc</marc:subfield><marc:subfield code="a">709</marc:subfield><marc:subfield code="b">00</marc:subfield><marc:subfield code="a">WAHRMUND</marc:subfield><marc:subfield code="h">Adolf</marc:subfield><marc:subfield code="p">14555.b.27.(1.)</marc:subfield><marc:subfield code="x">3432430167</marc:subfield></marc:datafield></marc:record>