
<marc:record><marc:leader>01116cam a22002413  4500</marc:leader>
<marc:controlfield tag="001">000005066</marc:controlfield>
<marc:controlfield tag="003">Uk</marc:controlfield><marc:controlfield tag="005">20120209153600.0</marc:controlfield><marc:controlfield tag="008">870813|1888|||||||    ||    |||| |||||  </marc:controlfield><marc:datafield tag="040" ind1=" " ind2=" "><marc:subfield code="a">Uk</marc:subfield><marc:subfield code="c">Uk</marc:subfield></marc:datafield><marc:datafield tag="245" ind1="1" ind2="0"><marc:subfield code="a">Merveilles biographiques et historiques, ou chroniques du Cheikh Abd-el-Rahman el Djabarti, traduites de l'arabe par Chefik Mansour Bey, Abdulaziz Kalil Bey, Gabriel Nicolas Kalil Bey et Iskender Ammoun Effendi.</marc:subfield></marc:datafield><marc:datafield tag="260" ind1=" " ind2=" "><marc:subfield code="a">Le Caire,</marc:subfield><marc:subfield code="c">1888-96.</marc:subfield></marc:datafield><marc:datafield tag="300" ind1=" " ind2=" "><marc:subfield code="a">9 tom. ;</marc:subfield><marc:subfield code="c">8º.</marc:subfield></marc:datafield><marc:datafield tag="720" ind1=" " ind2=" "><marc:subfield code="a">'ABD AL-RAḢMĀN IBN ḢASAN, al-Jabartī</marc:subfield><marc:subfield code="e">main entry</marc:subfield></marc:datafield><marc:datafield tag="720" ind1=" " ind2=" "><marc:subfield code="a">'ABD AL-'AZĪZ KALĪL, Bey</marc:subfield></marc:datafield><marc:datafield tag="720" ind1=" " ind2=" "><marc:subfield code="a">ISKANDẠR AMMŪN, Efendi</marc:subfield></marc:datafield><marc:datafield tag="720" ind1=" " ind2=" "><marc:subfield code="a">JIBRĪL NIK̇ŪLĀ K̇ALĪL, Bey</marc:subfield></marc:datafield><marc:datafield tag="720" ind1=" " ind2=" "><marc:subfield code="a">SHAFĪK̇ MANṠŪR, Bey</marc:subfield></marc:datafield><marc:datafield tag="852" ind1="4" ind2="1"><marc:subfield code="a">British Library</marc:subfield><marc:subfield code="b">OC</marc:subfield><marc:subfield code="j">14554.c.7.</marc:subfield></marc:datafield><marc:datafield tag="886" ind1="2" ind2=" "><marc:subfield code="2">blmarc</marc:subfield><marc:subfield code="a">709</marc:subfield><marc:subfield code="b">00</marc:subfield><marc:subfield code="a">'ABD AL-'AZĪZ KALĪL, Bey</marc:subfield><marc:subfield code="p">14554.c.7.</marc:subfield><marc:subfield code="x">0012070009</marc:subfield></marc:datafield><marc:datafield tag="886" ind1="2" ind2=" "><marc:subfield code="2">blmarc</marc:subfield><marc:subfield code="a">709</marc:subfield><marc:subfield code="b">00</marc:subfield><marc:subfield code="a">ISKANDẠR AMMŪN, Efendi</marc:subfield><marc:subfield code="p">14554.c.7.</marc:subfield><marc:subfield code="x">1610990153</marc:subfield></marc:datafield><marc:datafield tag="886" ind1="2" ind2=" "><marc:subfield code="2">blmarc</marc:subfield><marc:subfield code="a">709</marc:subfield><marc:subfield code="b">00</marc:subfield><marc:subfield code="a">JIBRĪL NIK̇ŪLĀ K̇ALĪL, Bey</marc:subfield><marc:subfield code="p">14554.c.7.</marc:subfield><marc:subfield code="x">1660080282</marc:subfield></marc:datafield><marc:datafield tag="886" ind1="2" ind2=" "><marc:subfield code="2">blmarc</marc:subfield><marc:subfield code="a">709</marc:subfield><marc:subfield code="b">00</marc:subfield><marc:subfield code="a">SHAFĪK̇ MANṠŪR, Bey</marc:subfield><marc:subfield code="p">14554.c.7.</marc:subfield><marc:subfield code="x">2991840307</marc:subfield></marc:datafield></marc:record>