
<marc:record><marc:leader>01146cam a22002293  4500</marc:leader>
<marc:controlfield tag="001">000005068</marc:controlfield>
<marc:controlfield tag="003">Uk</marc:controlfield><marc:controlfield tag="005">20120415171800.0</marc:controlfield><marc:controlfield tag="008">870813|1898|||||||    ||    |||| |||||  </marc:controlfield><marc:datafield tag="040" ind1=" " ind2=" "><marc:subfield code="a">Uk</marc:subfield><marc:subfield code="c">Uk</marc:subfield></marc:datafield><marc:datafield tag="245" ind1="1" ind2="0"><marc:subfield code="a">Le Livre des Deux Jardins. Histoire des deux règnes, celui de Nour ed-Dîn et celui de Salah ed-Dîn. [Translated by A. C. Barbier de Meynard.] Arab. &amp; Fr.</marc:subfield></marc:datafield><marc:datafield tag="260" ind1=" " ind2=" "><marc:subfield code="a">Paris,</marc:subfield><marc:subfield code="c">1898.</marc:subfield></marc:datafield><marc:datafield tag="300" ind1=" " ind2=" "><marc:subfield code="a">xi, 525 p.</marc:subfield></marc:datafield><marc:datafield tag="490" ind1="0" ind2=" "><marc:subfield code="a">[Recueil des historiens des Croisades. Historiens orientaux. tom. 4.]</marc:subfield></marc:datafield><marc:datafield tag="700" ind1="1" ind2=" "><marc:subfield code="a">BARBIER DE MEYNARD, Charles Adrien Casimir.</marc:subfield></marc:datafield><marc:datafield tag="720" ind1=" " ind2=" "><marc:subfield code="a">'ABD AL-RAḢMĀN IBN ISMĀ'ĪL, called Abu Shāmah</marc:subfield><marc:subfield code="e">main entry</marc:subfield></marc:datafield><marc:datafield tag="720" ind1=" " ind2=" "><marc:subfield code="a">NŪR AL-DĪN MAḢMŪD, Atabak of Mosul, surnamed al-Malik al-'Ādil.</marc:subfield></marc:datafield><marc:datafield tag="720" ind1=" " ind2=" "><marc:subfield code="a">SALADIN, Sultan of Egypt and Syria</marc:subfield></marc:datafield><marc:datafield tag="852" ind1="4" ind2="1"><marc:subfield code="a">British Library</marc:subfield><marc:subfield code="b">HMNTS</marc:subfield><marc:subfield code="j">1899.m.31.</marc:subfield></marc:datafield><marc:datafield tag="886" ind1="2" ind2=" "><marc:subfield code="2">blmarc</marc:subfield><marc:subfield code="a">709</marc:subfield><marc:subfield code="b">00</marc:subfield><marc:subfield code="a">BARBIER DE MEYNARD</marc:subfield><marc:subfield code="h">Charles Adrien Casimir</marc:subfield><marc:subfield code="p">1899.m.31.</marc:subfield><marc:subfield code="x">0183810317</marc:subfield></marc:datafield><marc:datafield tag="886" ind1="2" ind2=" "><marc:subfield code="2">blmarc</marc:subfield><marc:subfield code="a">709</marc:subfield><marc:subfield code="b">00</marc:subfield><marc:subfield code="a">NŪR AL-DĪN MAḢMŪD, Atabak of Mosul, surnamed al-Malik al-'Ādil.</marc:subfield><marc:subfield code="p">1899.m.31.</marc:subfield><marc:subfield code="x">2392770158</marc:subfield></marc:datafield><marc:datafield tag="886" ind1="2" ind2=" "><marc:subfield code="2">blmarc</marc:subfield><marc:subfield code="a">709</marc:subfield><marc:subfield code="b">00</marc:subfield><marc:subfield code="a">SALADIN, Sultan of Egypt and Syria</marc:subfield><marc:subfield code="p">1899.m.31.</marc:subfield><marc:subfield code="x">2880730228</marc:subfield></marc:datafield></marc:record>