
<marc:record><marc:leader>00724cam a22001693  4500</marc:leader>
<marc:controlfield tag="001">000005070</marc:controlfield>
<marc:controlfield tag="003">Uk</marc:controlfield><marc:controlfield tag="005">20110119132200.0</marc:controlfield><marc:controlfield tag="008">870813|1840|||||||    ||    |||| |||||  </marc:controlfield><marc:datafield tag="040" ind1=" " ind2=" "><marc:subfield code="a">Uk</marc:subfield><marc:subfield code="c">Uk</marc:subfield></marc:datafield><marc:datafield tag="245" ind1="1" ind2="0"><marc:subfield code="a">Storia degli Arabi e di alcuni celebri popoli contemporanei, dalla loro origine sino al Kalifato di Moavia. [A portion of bk. 2 of Ibn Khaldūn's general history, edited and partly translated into Italian by G. A. Arri.]</marc:subfield></marc:datafield><marc:datafield tag="260" ind1=" " ind2=" "><marc:subfield code="a">pp. 140. 108. Paris, [1840.]</marc:subfield></marc:datafield><marc:datafield tag="300" ind1=" " ind2=" "><marc:subfield code="a">4º.</marc:subfield></marc:datafield><marc:datafield tag="700" ind1="1" ind2=" "><marc:subfield code="a">ARRI, Giovanni Antonio.</marc:subfield></marc:datafield><marc:datafield tag="720" ind1=" " ind2=" "><marc:subfield code="a">'ABD AL-RAḢMĀN IBN MUḢAMMAD, called Ibn Khaldūn</marc:subfield><marc:subfield code="e">main entry</marc:subfield></marc:datafield><marc:datafield tag="852" ind1="4" ind2="1"><marc:subfield code="a">British Library</marc:subfield><marc:subfield code="b">OC</marc:subfield><marc:subfield code="j">14548.b.7.</marc:subfield></marc:datafield><marc:datafield tag="886" ind1="2" ind2=" "><marc:subfield code="2">blmarc</marc:subfield><marc:subfield code="a">709</marc:subfield><marc:subfield code="b">00</marc:subfield><marc:subfield code="a">ARRI</marc:subfield><marc:subfield code="h">Giovanni Antonio</marc:subfield><marc:subfield code="p">14548.b.7.</marc:subfield><marc:subfield code="x">0120500027</marc:subfield></marc:datafield></marc:record>