
<marc:record><marc:leader>00796cam a22001813  4500</marc:leader>
<marc:controlfield tag="001">000005075</marc:controlfield>
<marc:controlfield tag="003">Uk</marc:controlfield><marc:controlfield tag="005">20120209153600.0</marc:controlfield><marc:controlfield tag="008">950510|1852|||||||    ||    |||| |||||  </marc:controlfield><marc:datafield tag="040" ind1=" " ind2=" "><marc:subfield code="a">Uk</marc:subfield><marc:subfield code="c">Uk</marc:subfield></marc:datafield><marc:datafield tag="245" ind1="1" ind2="0"><marc:subfield code="a">Histoire des Berbères et des dynasties musulmanes de l'Afrique septentrionale ... Traduite ... par M. le baron de Slane.</marc:subfield></marc:datafield><marc:datafield tag="260" ind1=" " ind2=" "><marc:subfield code="a">Alger,</marc:subfield><marc:subfield code="c">1852-56.</marc:subfield></marc:datafield><marc:datafield tag="300" ind1=" " ind2=" "><marc:subfield code="a">4 tom. ;</marc:subfield><marc:subfield code="c">8º.</marc:subfield></marc:datafield><marc:datafield tag="700" ind1="1" ind2=" "><marc:subfield code="a">MACGUCKIN DE SLANE, William,</marc:subfield><marc:subfield code="c">Baron.</marc:subfield></marc:datafield><marc:datafield tag="720" ind1=" " ind2=" "><marc:subfield code="a">'ABD AL-RAḢMĀN IBN MUḢAMMAD, called Ibn Khaldūn</marc:subfield><marc:subfield code="e">main entry</marc:subfield></marc:datafield><marc:datafield tag="775" ind1="0" ind2=" "><marc:subfield code="t">[Histoire des Berbères et des dynasties musulmanes de l'Afrique septentrionale ... Traduite ... par M. le baron de Slane.]</marc:subfield><marc:subfield code="d">3 tom. Paris, 1925-34. 8º.</marc:subfield><marc:subfield code="w">(Uk)MP1.0000005368.1</marc:subfield></marc:datafield><marc:datafield tag="852" ind1="4" ind2="1"><marc:subfield code="a">British Library</marc:subfield><marc:subfield code="b">OC</marc:subfield><marc:subfield code="j">14555.a.3.</marc:subfield></marc:datafield><marc:datafield tag="852" ind1="4" ind2="1"><marc:subfield code="a">British Library</marc:subfield><marc:subfield code="b">OC</marc:subfield><marc:subfield code="j">14555.a.4.</marc:subfield></marc:datafield></marc:record>