
<marc:record><marc:leader>00762cam a22001813  4500</marc:leader>
<marc:controlfield tag="001">000005079</marc:controlfield>
<marc:controlfield tag="003">Uk</marc:controlfield><marc:controlfield tag="005">20121115180900.0</marc:controlfield><marc:controlfield tag="008">010323|1862|||||||    ||    |||| |||||  </marc:controlfield><marc:datafield tag="040" ind1=" " ind2=" "><marc:subfield code="a">Uk</marc:subfield><marc:subfield code="c">Uk</marc:subfield></marc:datafield><marc:datafield tag="245" ind1="1" ind2="0"><marc:subfield code="a">Prolégomènes historiques d'Ibn Khaldoun. [Translated into French by Baron W. MacGuckin de Slane.]</marc:subfield></marc:datafield><marc:datafield tag="260" ind1=" " ind2=" "><marc:subfield code="c">1862, 1865.</marc:subfield></marc:datafield><marc:datafield tag="300" ind1=" " ind2=" "><marc:subfield code="a">2 pt.</marc:subfield></marc:datafield><marc:datafield tag="580" ind1=" " ind2=" "><marc:subfield code="a">In: Paris.-Académie des Inscriptions et Belles Lettres. Notices et extraits des manuscrits, etc. tom. 19, 20. 1787, etc. 4º.</marc:subfield></marc:datafield><marc:datafield tag="700" ind1="1" ind2=" "><marc:subfield code="a">MACGUCKIN DE SLANE, William,</marc:subfield><marc:subfield code="c">Baron.</marc:subfield></marc:datafield><marc:datafield tag="720" ind1=" " ind2=" "><marc:subfield code="a">'ABD AL-RAḢMĀN IBN MUḢAMMAD, called Ibn Khaldūn</marc:subfield><marc:subfield code="e">main entry</marc:subfield></marc:datafield><marc:datafield tag="852" ind1="4" ind2="1"><marc:subfield code="a">British Library</marc:subfield><marc:subfield code="b">HMNTS</marc:subfield><marc:subfield code="j">HLR017.436 BN</marc:subfield></marc:datafield><marc:datafield tag="886" ind1="2" ind2=" "><marc:subfield code="2">blmarc</marc:subfield><marc:subfield code="a">709</marc:subfield><marc:subfield code="b">00</marc:subfield><marc:subfield code="a">MACGUCKIN DE SLANE</marc:subfield><marc:subfield code="h">William</marc:subfield><marc:subfield code="f">Baron</marc:subfield><marc:subfield code="p">Bar.T.36.</marc:subfield><marc:subfield code="x">2053290153</marc:subfield></marc:datafield></marc:record>