
<marc:record><marc:leader>00631cam a22001693  4500</marc:leader>
<marc:controlfield tag="001">000005095</marc:controlfield>
<marc:controlfield tag="003">Uk</marc:controlfield><marc:controlfield tag="005">20130305113500.0</marc:controlfield><marc:controlfield tag="008">870813|1896|||||||    ||    |||| |||||  </marc:controlfield><marc:datafield tag="040" ind1=" " ind2=" "><marc:subfield code="a">Uk</marc:subfield><marc:subfield code="c">Uk</marc:subfield></marc:datafield><marc:datafield tag="245" ind1="1" ind2="0"><marc:subfield code="a">Les Gnomes de Sidi Abd Er-Rahman el-Medjedoub. [Edited with a translation by Count H. de Castries.] Arab. &amp; Fr.</marc:subfield></marc:datafield><marc:datafield tag="260" ind1=" " ind2=" "><marc:subfield code="a">Paris,</marc:subfield><marc:subfield code="c">1896.</marc:subfield></marc:datafield><marc:datafield tag="300" ind1=" " ind2=" "><marc:subfield code="a">xxviii, 121 p. ;</marc:subfield><marc:subfield code="c">8º.</marc:subfield></marc:datafield><marc:datafield tag="700" ind1="1" ind2=" "><marc:subfield code="a">Castries, Henry,</marc:subfield><marc:subfield code="c">comte de,</marc:subfield><marc:subfield code="d">1850-1927.</marc:subfield></marc:datafield><marc:datafield tag="720" ind1=" " ind2=" "><marc:subfield code="a">'ABD AL-RAḢMĀN IBN MUḢAMMAD, al-Majd̲ūb</marc:subfield><marc:subfield code="e">main entry</marc:subfield></marc:datafield><marc:datafield tag="852" ind1="4" ind2="1"><marc:subfield code="a">British Library</marc:subfield><marc:subfield code="b">OC</marc:subfield><marc:subfield code="j">14579.c.38.</marc:subfield></marc:datafield><marc:datafield tag="886" ind1="2" ind2=" "><marc:subfield code="2">blmarc</marc:subfield><marc:subfield code="a">709</marc:subfield><marc:subfield code="b">00</marc:subfield><marc:subfield code="a">CASTRIES</marc:subfield><marc:subfield code="h">Henry de</marc:subfield><marc:subfield code="f">Count</marc:subfield><marc:subfield code="p">14579.c.38.</marc:subfield><marc:subfield code="x">056052000X</marc:subfield></marc:datafield></marc:record>