
<marc:record><marc:leader>00654cam a22001693  4500</marc:leader>
<marc:controlfield tag="001">000005096</marc:controlfield>
<marc:controlfield tag="003">Uk</marc:controlfield><marc:controlfield tag="005">20110311165800.0</marc:controlfield><marc:controlfield tag="008">870813|1876|||||||    ||     ||| |||||  </marc:controlfield><marc:datafield tag="040" ind1=" " ind2=" "><marc:subfield code="a">Uk</marc:subfield><marc:subfield code="c">Uk</marc:subfield></marc:datafield><marc:datafield tag="100" ind1="1" ind2=" "><marc:subfield code="a">'ABD AL-RAḢMĀN IBN MUḢAMMAD, Mujīr al-Dīn,</marc:subfield><marc:subfield code="c">al-'Ulaimī.</marc:subfield></marc:datafield><marc:datafield tag="245" ind1="1" ind2="0"><marc:subfield code="a">Histoire de Jérusalem et d'Hébron depuis Abraham jusqu'à la fin du XVe siècle de J. C. Fragments de la Chronique de Moudjîr-ed-dyn traduits ... par H. Sauvaire.</marc:subfield></marc:datafield><marc:datafield tag="260" ind1=" " ind2=" "><marc:subfield code="a">Paris,</marc:subfield><marc:subfield code="c">1876.</marc:subfield></marc:datafield><marc:datafield tag="300" ind1=" " ind2=" "><marc:subfield code="a">346 p. ;</marc:subfield><marc:subfield code="c">8º.</marc:subfield></marc:datafield><marc:datafield tag="700" ind1="1" ind2=" "><marc:subfield code="a">SAUVAIRE, Henri.</marc:subfield></marc:datafield><marc:datafield tag="852" ind1="4" ind2="1"><marc:subfield code="a">British Library</marc:subfield><marc:subfield code="b">OC</marc:subfield><marc:subfield code="j">14555.a.5.</marc:subfield></marc:datafield><marc:datafield tag="886" ind1="2" ind2=" "><marc:subfield code="2">blmarc</marc:subfield><marc:subfield code="a">709</marc:subfield><marc:subfield code="b">00</marc:subfield><marc:subfield code="a">SAUVAIRE</marc:subfield><marc:subfield code="h">Henri</marc:subfield><marc:subfield code="p">14555.a.5.</marc:subfield><marc:subfield code="x">2904710000</marc:subfield></marc:datafield></marc:record>