
<marc:record><marc:leader>00699cam a22001693  4500</marc:leader>
<marc:controlfield tag="001">000005109</marc:controlfield>
<marc:controlfield tag="003">Uk</marc:controlfield><marc:controlfield tag="005">20120418181100.0</marc:controlfield><marc:controlfield tag="008">981021|1857|||||||    ||     ||| |||||  </marc:controlfield><marc:datafield tag="040" ind1=" " ind2=" "><marc:subfield code="a">Uk</marc:subfield><marc:subfield code="c">Uk</marc:subfield></marc:datafield><marc:datafield tag="100" ind1="1" ind2=" "><marc:subfield code="a">'ABD AL-RAZZĀK̇ IBN ISḢĀK̇, Kamāl al-Dīn,</marc:subfield><marc:subfield code="c">Samark̇andī.</marc:subfield></marc:datafield><marc:datafield tag="245" ind1="1" ind2="0"><marc:subfield code="a">Narrative of the voyage of Abd-Er-Razzak. ... Translated from the Persian into French by M. Quatremère. Rendered into English, etc.</marc:subfield></marc:datafield><marc:datafield tag="300" ind1=" " ind2=" "><marc:subfield code="a">49 p.</marc:subfield></marc:datafield><marc:datafield tag="580" ind1=" " ind2=" "><marc:subfield code="a">In: Major (Richard H.) India in the Fifteenth Century, etc. 1857. 8º.</marc:subfield></marc:datafield><marc:datafield tag="700" ind1="1" ind2=" "><marc:subfield code="a">QUATREMÈRE, Étienne Marc.</marc:subfield></marc:datafield><marc:datafield tag="852" ind1="4" ind2="1"><marc:subfield code="a">British Library</marc:subfield><marc:subfield code="b">HMNTS</marc:subfield><marc:subfield code="j">Ac.6172/20.</marc:subfield></marc:datafield><marc:datafield tag="886" ind1="2" ind2=" "><marc:subfield code="2">blmarc</marc:subfield><marc:subfield code="a">709</marc:subfield><marc:subfield code="b">00</marc:subfield><marc:subfield code="a">QUATREMÈRE</marc:subfield><marc:subfield code="h">Étienne Marc</marc:subfield><marc:subfield code="p">Ac.6172/20.</marc:subfield><marc:subfield code="x">268138009X</marc:subfield></marc:datafield></marc:record>