
<marc:record><marc:leader>00698cam a22001693  4500</marc:leader>
<marc:controlfield tag="001">000005119</marc:controlfield>
<marc:controlfield tag="003">Uk</marc:controlfield><marc:controlfield tag="005">20130412141100.0</marc:controlfield><marc:controlfield tag="008">870813|1821|||||||    ||     ||| |||||  </marc:controlfield><marc:datafield tag="040" ind1=" " ind2=" "><marc:subfield code="a">Uk</marc:subfield><marc:subfield code="c">Uk</marc:subfield></marc:datafield><marc:datafield tag="100" ind1="1" ind2=" "><marc:subfield code="a">'ABD AL-SALĀM IBN AḢMAD, 'Izz al-Dīn,</marc:subfield><marc:subfield code="c">al-Mak̇disī.</marc:subfield></marc:datafield><marc:datafield tag="245" ind1="1" ind2="0"><marc:subfield code="a">Les Oiseaux et les Fleurs, allégories morales ... publiées en arabe, avec une traduction et des notes, par M. Garcin.</marc:subfield></marc:datafield><marc:datafield tag="260" ind1=" " ind2=" "><marc:subfield code="a">pp. xxviii. 240. 118. Paris, 1821.</marc:subfield></marc:datafield><marc:datafield tag="300" ind1=" " ind2=" "><marc:subfield code="a">8º.</marc:subfield></marc:datafield><marc:datafield tag="700" ind1="1" ind2=" "><marc:subfield code="a">Garcin de Tassy,</marc:subfield><marc:subfield code="c">M.</marc:subfield><marc:subfield code="q">(Joseph-Héliodore-Sagesse-Vertu),</marc:subfield><marc:subfield code="d">1794-1878.</marc:subfield></marc:datafield><marc:datafield tag="852" ind1="4" ind2="1"><marc:subfield code="a">British Library</marc:subfield><marc:subfield code="b">OC</marc:subfield><marc:subfield code="j">14576.b.34.</marc:subfield></marc:datafield><marc:datafield tag="886" ind1="2" ind2=" "><marc:subfield code="2">blmarc</marc:subfield><marc:subfield code="a">709</marc:subfield><marc:subfield code="b">00</marc:subfield><marc:subfield code="a">GARCIN DE TASSY</marc:subfield><marc:subfield code="h">Joseph Héliodore Sagesse Vertu</marc:subfield><marc:subfield code="p">14576.b.34.</marc:subfield><marc:subfield code="x">1194520251</marc:subfield></marc:datafield></marc:record>