
<marc:record><marc:leader>00479cam a22001333  4500</marc:leader>
<marc:controlfield tag="001">000005127</marc:controlfield>
<marc:controlfield tag="003">Uk</marc:controlfield><marc:controlfield tag="005">20110119132200.0</marc:controlfield><marc:controlfield tag="008">870813|1851|||||||    ||     ||| |||||  </marc:controlfield><marc:datafield tag="040" ind1=" " ind2=" "><marc:subfield code="a">Uk</marc:subfield><marc:subfield code="c">Uk</marc:subfield></marc:datafield><marc:datafield tag="100" ind1="1" ind2=" "><marc:subfield code="a">'ABD AL-WAHHĀB IBN 'ALĪ, Tāj al-Dīn,</marc:subfield><marc:subfield code="c">al-Subkī.</marc:subfield></marc:datafield><marc:datafield tag="245" ind1="1" ind2="0"><marc:subfield code="a">[Life of al-Māwardī.] Arab. &amp; Lat.</marc:subfield></marc:datafield><marc:datafield tag="580" ind1=" " ind2=" "><marc:subfield code="a">In : Enger (M.) De vita et scriptis Maverdii commentatio, etc. [With extracts from al-Subkī and others.] 1851. 8º.</marc:subfield></marc:datafield><marc:datafield tag="852" ind1="4" ind2="1"><marc:subfield code="a">British Library</marc:subfield><marc:subfield code="b">OC</marc:subfield><marc:subfield code="j">14560.b.8.</marc:subfield></marc:datafield></marc:record>