
<marc:record><marc:leader>00695cam a22001693  4500</marc:leader>
<marc:controlfield tag="001">000005141</marc:controlfield>
<marc:controlfield tag="003">Uk</marc:controlfield><marc:controlfield tag="005">20120424163700.0</marc:controlfield><marc:controlfield tag="008">870813|1834|||||||    ||     ||| |||||  </marc:controlfield><marc:datafield tag="040" ind1=" " ind2=" "><marc:subfield code="a">Uk</marc:subfield><marc:subfield code="c">Uk</marc:subfield></marc:datafield><marc:datafield tag="100" ind1="1" ind2=" "><marc:subfield code="a">ABD AL-WĀḢID IBN NAṠR, Abu al-Faraj,</marc:subfield><marc:subfield code="c">called al-Babbaghā.</marc:subfield></marc:datafield><marc:datafield tag="245" ind1="1" ind2="0"><marc:subfield code="a">Carminum Abulfaragii Babbaghæ specimen ex codice Gothano, nunc primum edidit, Latine vertit, adnotationibus instruxit Ph. Wolff ... Accedunt aliquot carmina Abu Ishaci. Arab. &amp; Lat.</marc:subfield></marc:datafield><marc:datafield tag="260" ind1=" " ind2=" "><marc:subfield code="a">Lipsiæ,</marc:subfield><marc:subfield code="c">1834.</marc:subfield></marc:datafield><marc:datafield tag="300" ind1=" " ind2=" "><marc:subfield code="a">xvi, 89 p. ;</marc:subfield><marc:subfield code="c">8º.</marc:subfield></marc:datafield><marc:datafield tag="700" ind1="1" ind2=" "><marc:subfield code="a">WOLFF, Philipp,</marc:subfield><marc:subfield code="c">Orientalist.</marc:subfield></marc:datafield><marc:datafield tag="852" ind1="4" ind2="1"><marc:subfield code="a">British Library</marc:subfield><marc:subfield code="b">OC</marc:subfield><marc:subfield code="j">14573.b.7.</marc:subfield></marc:datafield><marc:datafield tag="886" ind1="2" ind2=" "><marc:subfield code="2">blmarc</marc:subfield><marc:subfield code="a">709</marc:subfield><marc:subfield code="b">00</marc:subfield><marc:subfield code="a">WOLFF</marc:subfield><marc:subfield code="h">Philipp</marc:subfield><marc:subfield code="f">Orientalist</marc:subfield><marc:subfield code="p">14573.b.7.</marc:subfield><marc:subfield code="x">3543290231</marc:subfield></marc:datafield></marc:record>