
<marc:record><marc:leader>00745cam a22001573  4500</marc:leader>
<marc:controlfield tag="001">000005193</marc:controlfield>
<marc:controlfield tag="003">Uk</marc:controlfield><marc:controlfield tag="005">20110119132200.0</marc:controlfield><marc:controlfield tag="008">970501|1852|||||||    ||    |||| |||||  </marc:controlfield><marc:datafield tag="040" ind1=" " ind2=" "><marc:subfield code="a">Uk</marc:subfield><marc:subfield code="c">Uk</marc:subfield></marc:datafield><marc:datafield tag="245" ind1="1" ind2="0"><marc:subfield code="a">[Historiæ Apostolicæ ... quam ex Hebraica lingua in Latinam Africanus uertit, liber primus (-decimus).]</marc:subfield></marc:datafield><marc:datafield tag="250" ind1=" " ind2=" "><marc:subfield code="a">[Another edition.]</marc:subfield></marc:datafield><marc:datafield tag="580" ind1=" " ind2=" "><marc:subfield code="a">In: Giles (John A.) Codex apocryphus Novi Testamenti, etc. 1852. 8º.</marc:subfield></marc:datafield><marc:datafield tag="720" ind1=" " ind2=" "><marc:subfield code="a">ABDIAS, Bishop of Babylon</marc:subfield><marc:subfield code="e">main entry</marc:subfield></marc:datafield><marc:datafield tag="787" ind1="0" ind2=" "><marc:subfield code="t">Historiæ Apostolicæ ... quam ex Hebraica lingua in Latinam Africanus uertit, liber primus (-decimus).</marc:subfield><marc:subfield code="n">In Lazius (W.) Hoc opere continentur: Liber de passione Domini nostri, etc. 1552. fol.</marc:subfield><marc:subfield code="w">(Uk)MP1.0000005515</marc:subfield></marc:datafield><marc:datafield tag="852" ind1="4" ind2="1"><marc:subfield code="a">British Library</marc:subfield><marc:subfield code="b">HMNTS</marc:subfield><marc:subfield code="j">3228.bb.17.</marc:subfield></marc:datafield></marc:record>