
<marc:record><marc:leader>01036cam a22002053  4500</marc:leader>
<marc:controlfield tag="001">000005195</marc:controlfield>
<marc:controlfield tag="003">Uk</marc:controlfield><marc:controlfield tag="005">20120224170000.0</marc:controlfield><marc:controlfield tag="008">970710|1858|||||||    ||    |||| |||||  </marc:controlfield><marc:datafield tag="040" ind1=" " ind2=" "><marc:subfield code="a">Uk</marc:subfield><marc:subfield code="c">Uk</marc:subfield></marc:datafield><marc:datafield tag="245" ind1="1" ind2="0"><marc:subfield code="a">Histoire de Saint André, d'après l'histoire apostolique d'Abdias. Histoire de l'apôtre Jacques le Mineur, d'après l'Histoire apostolique-Histoire de Saint Matthieu, d'après l'Histoire apostolique.-Histoire de Saint Thomas, d'après l'Histoire apostolique.</marc:subfield></marc:datafield><marc:datafield tag="260" ind1=" " ind2=" "><marc:subfield code="c">1858.</marc:subfield></marc:datafield><marc:datafield tag="580" ind1=" " ind2=" "><marc:subfield code="a">In: Migne (J. P.) Troisième et dernière Encylcopédie Théologique, etc. tom. 24. 1855, etc. 4º.</marc:subfield></marc:datafield><marc:datafield tag="720" ind1=" " ind2=" "><marc:subfield code="a">ABDIAS, Bishop of Babylon</marc:subfield><marc:subfield code="e">main entry</marc:subfield></marc:datafield><marc:datafield tag="720" ind1=" " ind2=" "><marc:subfield code="a">Andrew,</marc:subfield><marc:subfield code="c">Apostle, Saint.</marc:subfield></marc:datafield><marc:datafield tag="720" ind1=" " ind2=" "><marc:subfield code="a">MATTHEW, Saint and Apostle. Appendix</marc:subfield></marc:datafield><marc:datafield tag="720" ind1=" " ind2=" "><marc:subfield code="a">THOMAS, Saint and Apostle. Appendix</marc:subfield></marc:datafield><marc:datafield tag="852" ind1="4" ind2="1"><marc:subfield code="a">British Library</marc:subfield><marc:subfield code="b">HMNTS</marc:subfield><marc:subfield code="j">L.R.272.c.1.</marc:subfield></marc:datafield><marc:datafield tag="886" ind1="2" ind2=" "><marc:subfield code="2">blmarc</marc:subfield><marc:subfield code="a">709</marc:subfield><marc:subfield code="b">00</marc:subfield><marc:subfield code="a">ANDREW, Saint and Apostle</marc:subfield><marc:subfield code="t">Appendix</marc:subfield><marc:subfield code="p">L.R.272.c.1.</marc:subfield><marc:subfield code="x">0082420297</marc:subfield></marc:datafield><marc:datafield tag="886" ind1="2" ind2=" "><marc:subfield code="2">blmarc</marc:subfield><marc:subfield code="a">709</marc:subfield><marc:subfield code="b">00</marc:subfield><marc:subfield code="a">THOMAS, Saint and Apostle</marc:subfield><marc:subfield code="t">Appendix</marc:subfield><marc:subfield code="p">L.R.272.c.1.</marc:subfield><marc:subfield code="x">3242250273</marc:subfield></marc:datafield></marc:record>