
<marc:record><marc:leader>00429cam a22001453  4500</marc:leader>
<marc:controlfield tag="001">000005203</marc:controlfield>
<marc:controlfield tag="003">Uk</marc:controlfield><marc:controlfield tag="005">20120420175200.0</marc:controlfield><marc:controlfield tag="008">870813|1882|||||||    ||    |||| |||||  </marc:controlfield><marc:datafield tag="040" ind1=" " ind2=" "><marc:subfield code="a">Uk</marc:subfield><marc:subfield code="c">Uk</marc:subfield></marc:datafield><marc:datafield tag="245" ind1="1" ind2="0"><marc:subfield code="a">Vaccination and Small Pox. By “Abdiel.”.</marc:subfield></marc:datafield><marc:datafield tag="260" ind1=" " ind2=" "><marc:subfield code="a">[London] :</marc:subfield><marc:subfield code="b">G. Hill,</marc:subfield><marc:subfield code="c">1882.</marc:subfield></marc:datafield><marc:datafield tag="300" ind1=" " ind2=" "><marc:subfield code="a">23 p. ;</marc:subfield><marc:subfield code="c">8º.</marc:subfield></marc:datafield><marc:datafield tag="720" ind1=" " ind2=" "><marc:subfield code="a">ABDIEL, pseud. [i.e. William Thomas Wiseman.]</marc:subfield><marc:subfield code="e">main entry</marc:subfield></marc:datafield><marc:datafield tag="852" ind1="4" ind2="1"><marc:subfield code="a">British Library</marc:subfield><marc:subfield code="b">HMNTS</marc:subfield><marc:subfield code="j">7561.bb.10.</marc:subfield></marc:datafield></marc:record>