
<marc:record><marc:leader>00663cam a22001573  4500</marc:leader>
<marc:controlfield tag="001">000005304</marc:controlfield>
<marc:controlfield tag="003">Uk</marc:controlfield><marc:controlfield tag="005">20110119132200.0</marc:controlfield><marc:controlfield tag="008">950505|1866|||||||    ||     ||| |||||  </marc:controlfield><marc:datafield tag="040" ind1=" " ind2=" "><marc:subfield code="a">Uk</marc:subfield><marc:subfield code="c">Uk</marc:subfield></marc:datafield><marc:datafield tag="100" ind1="1" ind2=" "><marc:subfield code="a">ABDY, John Thomas.</marc:subfield></marc:datafield><marc:datafield tag="245" ind1="1" ind2="0"><marc:subfield code="a">[On Law Studies and Law Degrees.]</marc:subfield></marc:datafield><marc:datafield tag="250" ind1=" " ind2=" "><marc:subfield code="a">[Another edition.]</marc:subfield></marc:datafield><marc:datafield tag="580" ind1=" " ind2=" "><marc:subfield code="a">In: Cambridge.-University of Cambridge. [Appendix.] The Student's Guide to the University of Cambridge, etc. 1866. 8º.</marc:subfield></marc:datafield><marc:datafield tag="787" ind1="0" ind2=" "><marc:subfield code="t">On Law Studies and Law Degrees.</marc:subfield><marc:subfield code="n">In Cambridge.-University of Cambridge. [Appendix.] The Student's Guide to the University of Cambridge, etc. 1863. 8º.</marc:subfield><marc:subfield code="w">(Uk)MP1.0000005706</marc:subfield></marc:datafield><marc:datafield tag="852" ind1="4" ind2="1"><marc:subfield code="a">British Library</marc:subfield><marc:subfield code="b">HMNTS</marc:subfield><marc:subfield code="j">8364.a.22.</marc:subfield></marc:datafield></marc:record>