
<marc:record><marc:leader>00798cam a22001813  4500</marc:leader>
<marc:controlfield tag="001">000005317</marc:controlfield>
<marc:controlfield tag="003">Uk</marc:controlfield><marc:controlfield tag="005">20110119132200.0</marc:controlfield><marc:controlfield tag="008">870813|1872|||||||    ||    |||| |||||  </marc:controlfield><marc:datafield tag="040" ind1=" " ind2=" "><marc:subfield code="a">Uk</marc:subfield><marc:subfield code="c">Uk</marc:subfield></marc:datafield><marc:datafield tag="245" ind1="1" ind2="0"><marc:subfield code="a">Saint Abe and his seven Wives. A tale of Salt Lake City. [In verse. By Robert W. Buchanan.]</marc:subfield></marc:datafield><marc:datafield tag="260" ind1=" " ind2=" "><marc:subfield code="a">pp. ix. 169. Strahan &amp; Co.: London, 1872 [1871].</marc:subfield></marc:datafield><marc:datafield tag="300" ind1=" " ind2=" "><marc:subfield code="a">8º.</marc:subfield></marc:datafield><marc:datafield tag="700" ind1="1" ind2=" "><marc:subfield code="a">Buchanan, Robert Williams,</marc:subfield><marc:subfield code="d">1841-1901.</marc:subfield></marc:datafield><marc:datafield tag="720" ind1=" " ind2=" "><marc:subfield code="a">ABE, Saint</marc:subfield><marc:subfield code="e">main entry</marc:subfield></marc:datafield><marc:datafield tag="775" ind1="0" ind2=" "><marc:subfield code="t">[Saint Abe and his seven Wives. A tale of Salt Lake City. [In verse. By Robert W. Buchanan.]]</marc:subfield><marc:subfield code="d">pp. ix. 169. Strahan &amp; Co.: London, 1872. 8º.</marc:subfield><marc:subfield code="w">(Uk)MP1.0000005720.1</marc:subfield></marc:datafield><marc:datafield tag="852" ind1="4" ind2="1"><marc:subfield code="a">British Library</marc:subfield><marc:subfield code="b">HMNTS</marc:subfield><marc:subfield code="j">11686.d.34.</marc:subfield></marc:datafield><marc:datafield tag="886" ind1="2" ind2=" "><marc:subfield code="2">blmarc</marc:subfield><marc:subfield code="a">709</marc:subfield><marc:subfield code="b">00</marc:subfield><marc:subfield code="a">BUCHANAN</marc:subfield><marc:subfield code="h">Robert Williams</marc:subfield><marc:subfield code="p">11649.df.57.</marc:subfield><marc:subfield code="x">0461030411</marc:subfield><marc:subfield code="p">11686.d.34.</marc:subfield><marc:subfield code="x">0461030411</marc:subfield></marc:datafield></marc:record>