
<marc:record><marc:leader>01562cam a2200289   4500</marc:leader>
<marc:controlfield tag="001">000005360</marc:controlfield>
<marc:controlfield tag="003">Uk</marc:controlfield><marc:controlfield tag="005">20090708103241.0</marc:controlfield><marc:controlfield tag="008">870813s1877    enka          000 h eng  </marc:controlfield><marc:datafield tag="040" ind1=" " ind2=" "><marc:subfield code="a">Uk</marc:subfield><marc:subfield code="b">eng</marc:subfield><marc:subfield code="c">Uk</marc:subfield></marc:datafield><marc:datafield tag="100" ind1="1" ind2=" "><marc:subfield code="a">À Beckett, Arthur William,</marc:subfield><marc:subfield code="d">1844-1909</marc:subfield></marc:datafield><marc:datafield tag="245" ind1="1" ind2="4"><marc:subfield code="a">The Modern Arabian nights ...</marc:subfield><marc:subfield code="c">by Arthur a' Beckett &amp; Linley Sambourne.</marc:subfield></marc:datafield><marc:datafield tag="260" ind1=" " ind2=" "><marc:subfield code="a">London:</marc:subfield><marc:subfield code="b">Bradbury, Agnew, &amp; Co. ...,</marc:subfield><marc:subfield code="c">[1877].</marc:subfield></marc:datafield><marc:datafield tag="300" ind1=" " ind2=" "><marc:subfield code="a">4 parts (viii, 40; [41]-79, [1]; [81]-120; [121]-160p.), [11] leaves of plates:</marc:subfield><marc:subfield code="b">ill., some colour;</marc:subfield><marc:subfield code="c">21 cm. (8º)</marc:subfield></marc:datafield><marc:datafield tag="500" ind1=" " ind2=" "><marc:subfield code="a">With 4 pages of advertisements in parts I and II.</marc:subfield></marc:datafield><marc:datafield tag="500" ind1=" " ind2=" "><marc:subfield code="a">Parts I-III have a plate of advertisements for &quot;Jay's mourning warehouse&quot;.</marc:subfield></marc:datafield><marc:datafield tag="500" ind1=" " ind2=" "><marc:subfield code="a">With continuous pagination and register.</marc:subfield></marc:datafield><marc:datafield tag="500" ind1=" " ind2=" "><marc:subfield code="a">With an introduction to the series on pages [i]-viii of part I.</marc:subfield></marc:datafield><marc:datafield tag="500" ind1=" " ind2=" "><marc:subfield code="a">Each part with separate title-page with name of part.</marc:subfield></marc:datafield><marc:datafield tag="500" ind1=" " ind2=" "><marc:subfield code="a">From head of title-pages: Price one shilling.</marc:subfield></marc:datafield><marc:datafield tag="500" ind1=" " ind2=" "><marc:subfield code="a">Date from deposit stamp on copy at 12316.i.6.</marc:subfield></marc:datafield><marc:datafield tag="505" ind1="0" ind2=" "><marc:subfield code="a">Alley Baber and Son: a mock exchange story - Ned Redding and the beautiful Persian. A tale of Turkish home rule - Ride of Captain Alf Rashit to Ke-Vere-Street - Mr. O'Laddin and the wonderful lamp. A story of obstruction and the Emerald Isle</marc:subfield></marc:datafield><marc:datafield tag="630" ind1="0" ind2="0"><marc:subfield code="a">Arabian nights.</marc:subfield><marc:subfield code="l">English</marc:subfield><marc:subfield code="v">Satire</marc:subfield></marc:datafield><marc:datafield tag="650" ind1=" " ind2="0"><marc:subfield code="a">Satire, English</marc:subfield><marc:subfield code="y">19th century</marc:subfield></marc:datafield><marc:datafield tag="700" ind1="1" ind2=" "><marc:subfield code="a">Sambourne, Linley,</marc:subfield><marc:subfield code="d">1844-1910</marc:subfield></marc:datafield><marc:datafield tag="852" ind1="4" ind2="1"><marc:subfield code="a">British Library</marc:subfield><marc:subfield code="b">HMNTS</marc:subfield><marc:subfield code="j">RB.23.a.33645</marc:subfield><marc:subfield code="q">Copy at RB: Imperfect: Part I - Alley Baber and Son - only.</marc:subfield></marc:datafield><marc:datafield tag="852" ind1="4" ind2="1"><marc:subfield code="a">British Library</marc:subfield><marc:subfield code="b">HMNTS</marc:subfield><marc:subfield code="j">12316.i.6.</marc:subfield></marc:datafield></marc:record>