
<marc:record><marc:leader>00768cam a22001813  4500</marc:leader>
<marc:controlfield tag="001">000005371</marc:controlfield>
<marc:controlfield tag="003">Uk</marc:controlfield><marc:controlfield tag="005">20110311165800.0</marc:controlfield><marc:controlfield tag="008">870813|1837|||||||    ||     ||| ||eng  </marc:controlfield><marc:datafield tag="040" ind1=" " ind2=" "><marc:subfield code="a">Uk</marc:subfield><marc:subfield code="c">Uk</marc:subfield></marc:datafield><marc:datafield tag="100" ind1="1" ind2=" "><marc:subfield code="a">A'BECKETT, Gilbert Abbott.</marc:subfield></marc:datafield><marc:datafield tag="245" ind1="1" ind2="4"><marc:subfield code="a">The Assignation; or, What will my wife say? A drama in two acts.</marc:subfield></marc:datafield><marc:datafield tag="260" ind1=" " ind2=" "><marc:subfield code="a">London,</marc:subfield><marc:subfield code="c">1837.</marc:subfield></marc:datafield><marc:datafield tag="300" ind1=" " ind2=" "><marc:subfield code="a">37 p. ;</marc:subfield><marc:subfield code="c">12º.</marc:subfield></marc:datafield><marc:datafield tag="490" ind1="0" ind2=" "><marc:subfield code="a">[Duncombe's Edition of the British Theatre. vol. 34.]</marc:subfield></marc:datafield><marc:datafield tag="775" ind1="0" ind2=" "><marc:subfield code="t">[The Assignation; or, What will my wife say? A drama in two acts.]</marc:subfield><marc:subfield code="d">pp. 13. London, [1883?] 8º.</marc:subfield><marc:subfield code="w">(Uk)MP1.0000005778.1</marc:subfield></marc:datafield><marc:datafield tag="775" ind1="0" ind2=" "><marc:subfield code="t">[The Assignation; or, What will my wife say? A drama in two acts.]</marc:subfield><marc:subfield code="d">pp. 37. London, New York, [1884.] 12º.</marc:subfield><marc:subfield code="w">(Uk)MP1.0000005778.2</marc:subfield></marc:datafield><marc:datafield tag="852" ind1="4" ind2="1"><marc:subfield code="a">British Library</marc:subfield><marc:subfield code="b">HMNTS</marc:subfield><marc:subfield code="j">2304.a.17.</marc:subfield><marc:subfield code="i">Vol. 35-36</marc:subfield></marc:datafield></marc:record>