
<marc:record><marc:leader>01013cam a22002173  4500</marc:leader>
<marc:controlfield tag="001">000005381</marc:controlfield>
<marc:controlfield tag="003">Uk</marc:controlfield><marc:controlfield tag="005">20130108180500.0</marc:controlfield><marc:controlfield tag="008">870813|1887|||||||    ||     ||| ||eng  </marc:controlfield><marc:datafield tag="040" ind1=" " ind2=" "><marc:subfield code="a">Uk</marc:subfield><marc:subfield code="c">Uk</marc:subfield></marc:datafield><marc:datafield tag="100" ind1="1" ind2=" "><marc:subfield code="a">A'BECKETT, Gilbert Abbott.</marc:subfield></marc:datafield><marc:datafield tag="245" ind1="1" ind2="4"><marc:subfield code="a">The comic Blackstone ... Revised and extended by Arthur Wm. A'Beckett ... With ten full-page coloured illustrations &amp; others by Harry Furniss. New and revised edition.</marc:subfield></marc:datafield><marc:datafield tag="260" ind1=" " ind2=" "><marc:subfield code="a">London :</marc:subfield><marc:subfield code="b">Bradbury, Agnew, &amp; Co.,</marc:subfield><marc:subfield code="c">1887 [1886, 87]</marc:subfield></marc:datafield><marc:datafield tag="300" ind1=" " ind2=" "><marc:subfield code="a">xxviii, 324 p. :</marc:subfield><marc:subfield code="b">plates ;</marc:subfield><marc:subfield code="c">23 cm.</marc:subfield></marc:datafield><marc:datafield tag="500" ind1=" " ind2=" "><marc:subfield code="a">Published in nine parts. With the wrappers.</marc:subfield></marc:datafield><marc:datafield tag="700" ind1="1" ind2=" "><marc:subfield code="a">A'BECKETT, Arthur William.</marc:subfield></marc:datafield><marc:datafield tag="700" ind1="1" ind2=" "><marc:subfield code="a">Furniss, Harry,</marc:subfield><marc:subfield code="d">1854-1925.</marc:subfield></marc:datafield><marc:datafield tag="852" ind1="4" ind2="1"><marc:subfield code="a">British Library</marc:subfield><marc:subfield code="b">HMNTS</marc:subfield><marc:subfield code="j">1609/3461.</marc:subfield></marc:datafield><marc:datafield tag="852" ind1="4" ind2="1"><marc:subfield code="a">British Library</marc:subfield><marc:subfield code="b">HMNTS</marc:subfield><marc:subfield code="j">12316.dd.3.</marc:subfield><marc:subfield code="3">[Another copy.] The Comic Blackstone, etc. 1887, [1886, 87].***Wanting the back wrapper of pt. 9.</marc:subfield></marc:datafield><marc:datafield tag="886" ind1="2" ind2=" "><marc:subfield code="2">blmarc</marc:subfield><marc:subfield code="a">709</marc:subfield><marc:subfield code="b">00</marc:subfield><marc:subfield code="a">A'BECKETT</marc:subfield><marc:subfield code="h">Arthur William</marc:subfield><marc:subfield code="p">1609/3461</marc:subfield><marc:subfield code="x">0012380202</marc:subfield></marc:datafield><marc:datafield tag="886" ind1="2" ind2=" "><marc:subfield code="2">blmarc</marc:subfield><marc:subfield code="a">709</marc:subfield><marc:subfield code="b">00</marc:subfield><marc:subfield code="a">FURNISS</marc:subfield><marc:subfield code="h">Harry</marc:subfield><marc:subfield code="p">2050.a.</marc:subfield><marc:subfield code="x">1180270290</marc:subfield></marc:datafield></marc:record>