
<marc:record><marc:leader>00786cam a22001933  4500</marc:leader>
<marc:controlfield tag="001">000005382</marc:controlfield>
<marc:controlfield tag="003">Uk</marc:controlfield><marc:controlfield tag="005">20130504005300.0</marc:controlfield><marc:controlfield tag="008">870813|1847|||||||    ||     ||| ||eng  </marc:controlfield><marc:datafield tag="040" ind1=" " ind2=" "><marc:subfield code="a">Uk</marc:subfield><marc:subfield code="c">Uk</marc:subfield></marc:datafield><marc:datafield tag="100" ind1="1" ind2=" "><marc:subfield code="a">A'BECKETT, Gilbert Abbott.</marc:subfield></marc:datafield><marc:datafield tag="245" ind1="1" ind2="4"><marc:subfield code="a">The Comic History of England ... With ... coloured etchings, and ... woodcuts, by John Leech.</marc:subfield></marc:datafield><marc:datafield tag="260" ind1=" " ind2=" "><marc:subfield code="a">London :</marc:subfield><marc:subfield code="b">Punch Office,</marc:subfield><marc:subfield code="c">1847, 48 [1846-48]</marc:subfield></marc:datafield><marc:datafield tag="300" ind1=" " ind2=" "><marc:subfield code="a">2 vol. ;</marc:subfield><marc:subfield code="c">8º.</marc:subfield></marc:datafield><marc:datafield tag="500" ind1=" " ind2=" "><marc:subfield code="a">The twenty original parts, with wrappers.</marc:subfield></marc:datafield><marc:datafield tag="700" ind1="1" ind2=" "><marc:subfield code="a">LEECH, John</marc:subfield><marc:subfield code="c">(Artist)</marc:subfield></marc:datafield><marc:datafield tag="852" ind1="4" ind2="1"><marc:subfield code="a">British Library</marc:subfield><marc:subfield code="b">HMNTS</marc:subfield><marc:subfield code="j">C.131.d.16.</marc:subfield></marc:datafield><marc:datafield tag="852" ind1="4" ind2="1"><marc:subfield code="a">British Library</marc:subfield><marc:subfield code="b">HMNTS</marc:subfield><marc:subfield code="j">9505.d.3.</marc:subfield><marc:subfield code="3">[Another copy.] The Comic History of England, etc. London, 1847-48. 8º.***Without the wrappers.</marc:subfield></marc:datafield><marc:datafield tag="886" ind1="2" ind2=" "><marc:subfield code="2">blmarc</marc:subfield><marc:subfield code="a">709</marc:subfield><marc:subfield code="b">00</marc:subfield><marc:subfield code="a">LEECH</marc:subfield><marc:subfield code="h">John</marc:subfield><marc:subfield code="f">Artist</marc:subfield><marc:subfield code="p">C.131.d.16.</marc:subfield><marc:subfield code="x">1873170068</marc:subfield></marc:datafield></marc:record>