
<marc:record><marc:leader>01420cam a2200313   4500</marc:leader>
<marc:controlfield tag="001">000005385</marc:controlfield>
<marc:controlfield tag="003">Uk</marc:controlfield><marc:controlfield tag="005">20090709144743.0</marc:controlfield><marc:controlfield tag="008">870813s1880    enka          001 h eng  </marc:controlfield><marc:datafield tag="040" ind1=" " ind2=" "><marc:subfield code="a">Uk</marc:subfield><marc:subfield code="b">eng</marc:subfield><marc:subfield code="c">Uk</marc:subfield></marc:datafield><marc:datafield tag="100" ind1="1" ind2=" "><marc:subfield code="a">À Beckett, Gilbert Abbott,</marc:subfield><marc:subfield code="d">1811-1856</marc:subfield></marc:datafield><marc:datafield tag="245" ind1="1" ind2="4"><marc:subfield code="a">The Comic history of England.</marc:subfield><marc:subfield code="c">By Gilbert A. A'Beckett. Illustrated by John Leech ...</marc:subfield></marc:datafield><marc:datafield tag="246" ind1="1" ind2="3"><marc:subfield code="i">Half-title:</marc:subfield><marc:subfield code="a">England ...</marc:subfield></marc:datafield><marc:datafield tag="260" ind1=" " ind2=" "><marc:subfield code="a">London:</marc:subfield><marc:subfield code="b">Bradbury, Agnew, &amp; Co.,</marc:subfield><marc:subfield code="c">[ca. 1880].</marc:subfield></marc:datafield><marc:datafield tag="300" ind1=" " ind2=" "><marc:subfield code="a">2v. (xviii, [2], 432; xiv, [2], 416p.), [20] leaves of plates:</marc:subfield><marc:subfield code="b">ill., some colour;</marc:subfield><marc:subfield code="c">29 cm. (4º)</marc:subfield></marc:datafield><marc:datafield tag="500" ind1=" " ind2=" "><marc:subfield code="a">Plates are colour with some additional hand colouring.</marc:subfield></marc:datafield><marc:datafield tag="500" ind1=" " ind2=" "><marc:subfield code="a">Title-pages in red and black.</marc:subfield></marc:datafield><marc:datafield tag="500" ind1=" " ind2=" "><marc:subfield code="a">Illustrations, with text in red, are outlayed into text.</marc:subfield></marc:datafield><marc:datafield tag="500" ind1=" " ind2=" "><marc:subfield code="a">Includes half-titles.</marc:subfield></marc:datafield><marc:datafield tag="500" ind1=" " ind2=" "><marc:subfield code="a">Includes an index in both volumes.</marc:subfield></marc:datafield><marc:datafield tag="500" ind1=" " ind2=" "><marc:subfield code="a">Divided into VIII books in II volumes. Vol. I (432p.) contains books I-IV and Vol. II (416p.) contains books V-VIII.</marc:subfield></marc:datafield><marc:datafield tag="500" ind1=" " ind2=" "><marc:subfield code="a">Date from imprint. Imprint used between 1872 and 1890.</marc:subfield></marc:datafield><marc:datafield tag="510" ind1="4" ind2=" "><marc:subfield code="a">Brown, Philip A. H., &quot;London publishers and printers c.1800-1870&quot; (1982),</marc:subfield><marc:subfield code="c">p. 23</marc:subfield></marc:datafield><marc:datafield tag="650" ind1=" " ind2="0"><marc:subfield code="a">Satire, English</marc:subfield><marc:subfield code="y">19th century</marc:subfield></marc:datafield><marc:datafield tag="651" ind1=" " ind2="0"><marc:subfield code="a">England</marc:subfield><marc:subfield code="x">History</marc:subfield><marc:subfield code="v">Humor.</marc:subfield></marc:datafield><marc:datafield tag="700" ind1="1" ind2=" "><marc:subfield code="a">Leech, John,</marc:subfield><marc:subfield code="d">1817-1864</marc:subfield></marc:datafield><marc:datafield tag="700" ind1="1" ind2=" "><marc:subfield code="a">Ashbee, Henry Spencer,</marc:subfield><marc:subfield code="d">1834-1900</marc:subfield><marc:subfield code="e">Former owner</marc:subfield></marc:datafield><marc:datafield tag="852" ind1="4" ind2="1"><marc:subfield code="a">British Library</marc:subfield><marc:subfield code="b">HMNTS</marc:subfield><marc:subfield code="j">C.194.b.321</marc:subfield></marc:datafield><marc:datafield tag="852" ind1="4" ind2="1"><marc:subfield code="a">British Library</marc:subfield><marc:subfield code="b">HMNTS</marc:subfield><marc:subfield code="j">9503.f.4.</marc:subfield></marc:datafield></marc:record>