
<marc:record><marc:leader>00846cam a22001813  4500</marc:leader>
<marc:controlfield tag="001">000005386</marc:controlfield>
<marc:controlfield tag="003">Uk</marc:controlfield><marc:controlfield tag="005">20130611183900.0</marc:controlfield><marc:controlfield tag="008">870813|1897|||||||    ||     ||| |||||  </marc:controlfield><marc:datafield tag="040" ind1=" " ind2=" "><marc:subfield code="a">Uk</marc:subfield><marc:subfield code="c">Uk</marc:subfield></marc:datafield><marc:datafield tag="100" ind1="1" ind2=" "><marc:subfield code="a">A'BECKETT, Gilbert Abbott.</marc:subfield></marc:datafield><marc:datafield tag="245" ind1="1" ind2="5"><marc:subfield code="a">[The comic history of England ... With twenty coloured etchings, and two hundred woodcuts. By John Leech.]</marc:subfield></marc:datafield><marc:datafield tag="260" ind1=" " ind2=" "><marc:subfield code="c">[1897, 98]</marc:subfield></marc:datafield><marc:datafield tag="300" ind1=" " ind2=" "><marc:subfield code="c">8º.</marc:subfield></marc:datafield><marc:datafield tag="700" ind1="1" ind2=" "><marc:subfield code="a">LEECH, John</marc:subfield><marc:subfield code="c">(Artist)</marc:subfield></marc:datafield><marc:datafield tag="787" ind1="0" ind2=" "><marc:subfield code="t">The comic history of England ... With twenty coloured etchings, and two hundred woodcuts. By John Leech.</marc:subfield><marc:subfield code="d">London: Bradbury, Agnew &amp; Co., [ca. 1880]. pp. xviii, 304. 22 cm.</marc:subfield><marc:subfield code="w">(Uk)MP1.0000005785</marc:subfield></marc:datafield><marc:datafield tag="852" ind1="4" ind2="1"><marc:subfield code="a">British Library</marc:subfield><marc:subfield code="b">HMNTS</marc:subfield><marc:subfield code="j">09504.k.2.</marc:subfield><marc:subfield code="3">[Another issue.]</marc:subfield></marc:datafield><marc:datafield tag="886" ind1="2" ind2=" "><marc:subfield code="2">blmarc</marc:subfield><marc:subfield code="a">709</marc:subfield><marc:subfield code="b">00</marc:subfield><marc:subfield code="a">LEECH</marc:subfield><marc:subfield code="h">John</marc:subfield><marc:subfield code="f">Artist</marc:subfield><marc:subfield code="p">09504.f.16.</marc:subfield><marc:subfield code="x">1873170106</marc:subfield><marc:subfield code="p">09504.k.2.</marc:subfield><marc:subfield code="x">1873170084</marc:subfield><marc:subfield code="p">1609/3140.</marc:subfield><marc:subfield code="x">1873170076</marc:subfield><marc:subfield code="p">9503.f.4.</marc:subfield><marc:subfield code="x">1873170092</marc:subfield></marc:datafield></marc:record>