
<marc:record><marc:leader>01147cam a22002173  4500</marc:leader>
<marc:controlfield tag="001">000005388</marc:controlfield>
<marc:controlfield tag="003">Uk</marc:controlfield><marc:controlfield tag="005">20130611183900.0</marc:controlfield><marc:controlfield tag="008">870813|1851|||||||    ||     ||| ||eng  </marc:controlfield><marc:datafield tag="040" ind1=" " ind2=" "><marc:subfield code="a">Uk</marc:subfield><marc:subfield code="c">Uk</marc:subfield></marc:datafield><marc:datafield tag="100" ind1="1" ind2=" "><marc:subfield code="a">A'BECKETT, Gilbert Abbott.</marc:subfield></marc:datafield><marc:datafield tag="245" ind1="1" ind2="4"><marc:subfield code="a">The Comic History of Rome ... Illustrated by John Leech.</marc:subfield></marc:datafield><marc:datafield tag="260" ind1=" " ind2=" "><marc:subfield code="a">London :</marc:subfield><marc:subfield code="b">Bradbury &amp; Evans,</marc:subfield><marc:subfield code="c">[1851, 52]</marc:subfield></marc:datafield><marc:datafield tag="300" ind1=" " ind2=" "><marc:subfield code="a">xii, 308 p. ;</marc:subfield><marc:subfield code="c">8º.</marc:subfield></marc:datafield><marc:datafield tag="500" ind1=" " ind2=" "><marc:subfield code="a">Published in ten monthly parts. With the original wrappers.</marc:subfield></marc:datafield><marc:datafield tag="700" ind1="1" ind2=" "><marc:subfield code="a">LEECH, John</marc:subfield><marc:subfield code="c">(Artist)</marc:subfield></marc:datafield><marc:datafield tag="775" ind1="0" ind2=" "><marc:subfield code="t">[The Comic History of Rome ... Illustrated by John Leech.]</marc:subfield><marc:subfield code="d">pp. xviii. 418. Bradbury, Agnew &amp; Co.: London, [1897?] 4º.</marc:subfield><marc:subfield code="w">(Uk)MP1.0000005786.2</marc:subfield></marc:datafield><marc:datafield tag="787" ind1="0" ind2=" "><marc:subfield code="t">[The Comic History of Rome ... Illustrated by John Leech.]</marc:subfield><marc:subfield code="d">pp. xviii. 418. Bradbury, Agnew &amp; Co.: London, [1897, 98.] 8º.</marc:subfield><marc:subfield code="w">(Uk)MP1.0000005786.3</marc:subfield></marc:datafield><marc:datafield tag="852" ind1="4" ind2="1"><marc:subfield code="a">British Library</marc:subfield><marc:subfield code="b">HMNTS</marc:subfield><marc:subfield code="j">C.109.aa.34.</marc:subfield></marc:datafield><marc:datafield tag="852" ind1="4" ind2="1"><marc:subfield code="a">British Library</marc:subfield><marc:subfield code="b">HMNTS</marc:subfield><marc:subfield code="j">1308.c.1.</marc:subfield><marc:subfield code="3">[Another copy.] The Comic History of Rome, etc. London, [1851, 52.] 8º.***Wanting the original wrappers.</marc:subfield></marc:datafield><marc:datafield tag="886" ind1="2" ind2=" "><marc:subfield code="2">blmarc</marc:subfield><marc:subfield code="a">709</marc:subfield><marc:subfield code="b">00</marc:subfield><marc:subfield code="a">LEECH</marc:subfield><marc:subfield code="h">John</marc:subfield><marc:subfield code="f">Artist</marc:subfield><marc:subfield code="p">C.109.aa.34.</marc:subfield><marc:subfield code="x">1873170114</marc:subfield><marc:subfield code="p">9039.i.11.</marc:subfield><marc:subfield code="x">1873170130</marc:subfield><marc:subfield code="p">9041.m.10.</marc:subfield><marc:subfield code="x">1873170122</marc:subfield></marc:datafield></marc:record>