
<marc:record><marc:leader>00804cam a22001933  4500</marc:leader>
<marc:controlfield tag="001">000005393</marc:controlfield>
<marc:controlfield tag="003">Uk</marc:controlfield><marc:controlfield tag="005">20110119132200.0</marc:controlfield><marc:controlfield tag="008">870813|1845|||||||    ||     ||| |||||  </marc:controlfield><marc:datafield tag="040" ind1=" " ind2=" "><marc:subfield code="a">Uk</marc:subfield><marc:subfield code="c">Uk</marc:subfield></marc:datafield><marc:datafield tag="100" ind1="1" ind2=" "><marc:subfield code="a">A'BECKETT, Gilbert Abbott.</marc:subfield></marc:datafield><marc:datafield tag="245" ind1="1" ind2="0"><marc:subfield code="a">Jack Brag. A farce, in two acts. [Adapted from the novel by Theodore Hook.]</marc:subfield></marc:datafield><marc:datafield tag="260" ind1=" " ind2=" "><marc:subfield code="a">Leipsic :</marc:subfield><marc:subfield code="b">Hermann Harting,</marc:subfield><marc:subfield code="c">1845.</marc:subfield></marc:datafield><marc:datafield tag="300" ind1=" " ind2=" "><marc:subfield code="a">35 p. ;</marc:subfield><marc:subfield code="c">16º.</marc:subfield></marc:datafield><marc:datafield tag="490" ind1="0" ind2=" "><marc:subfield code="a">[Modern English Comic Theatre. ser. 3. vol. 8.]</marc:subfield></marc:datafield><marc:datafield tag="700" ind1="1" ind2=" "><marc:subfield code="a">Hook, Theodore Edward,</marc:subfield><marc:subfield code="d">1788-1841.</marc:subfield><marc:subfield code="t">Single Works.</marc:subfield></marc:datafield><marc:datafield tag="775" ind1="0" ind2=" "><marc:subfield code="t">[Jack Brag. A farce, in two acts. [Adapted from the novel by Theodore Hook.]]</marc:subfield><marc:subfield code="d">pp. 32. London, [1850?] 12º.</marc:subfield><marc:subfield code="w">(Uk)MP1.0000005789.1</marc:subfield></marc:datafield><marc:datafield tag="852" ind1="4" ind2="1"><marc:subfield code="a">British Library</marc:subfield><marc:subfield code="b">HMNTS</marc:subfield><marc:subfield code="j">1344.b.5.</marc:subfield></marc:datafield><marc:datafield tag="886" ind1="2" ind2=" "><marc:subfield code="2">blmarc</marc:subfield><marc:subfield code="a">709</marc:subfield><marc:subfield code="b">00</marc:subfield><marc:subfield code="a">HOOK</marc:subfield><marc:subfield code="h">Theodore Edward</marc:subfield><marc:subfield code="t">Single Works</marc:subfield><marc:subfield code="p">1344.b.5.</marc:subfield><marc:subfield code="x">1521330077</marc:subfield></marc:datafield></marc:record>