
<marc:record><marc:leader>00619cam a22001813  4500</marc:leader>
<marc:controlfield tag="001">000005401</marc:controlfield>
<marc:controlfield tag="003">Uk</marc:controlfield><marc:controlfield tag="005">20110119132200.0</marc:controlfield><marc:controlfield tag="008">870813|1845|||||||    ||     ||| |||||  </marc:controlfield><marc:datafield tag="040" ind1=" " ind2=" "><marc:subfield code="a">Uk</marc:subfield><marc:subfield code="c">Uk</marc:subfield></marc:datafield><marc:datafield tag="100" ind1="1" ind2=" "><marc:subfield code="a">A'BECKETT, Gilbert Abbott.</marc:subfield></marc:datafield><marc:datafield tag="245" ind1="1" ind2="5"><marc:subfield code="a">[The Man with the Carpet Bag. A farce, in one act.]</marc:subfield></marc:datafield><marc:datafield tag="250" ind1=" " ind2=" "><marc:subfield code="a">[Another edition.]</marc:subfield></marc:datafield><marc:datafield tag="260" ind1=" " ind2=" "><marc:subfield code="a">Leipsic :</marc:subfield><marc:subfield code="b">Hermann Hartung,</marc:subfield><marc:subfield code="c">1845.</marc:subfield></marc:datafield><marc:datafield tag="300" ind1=" " ind2=" "><marc:subfield code="a">37 p. ;</marc:subfield><marc:subfield code="c">16º.</marc:subfield></marc:datafield><marc:datafield tag="490" ind1="0" ind2=" "><marc:subfield code="a">[Modern English Comic Theatre. ser. 3.]</marc:subfield></marc:datafield><marc:datafield tag="787" ind1="0" ind2=" "><marc:subfield code="t">The Man with the Carpet Bag. A farce, in one act.</marc:subfield><marc:subfield code="d">pp. 31. London, [1838?] 12º.</marc:subfield><marc:subfield code="w">(Uk)MP1.0000005795</marc:subfield></marc:datafield><marc:datafield tag="852" ind1="4" ind2="1"><marc:subfield code="a">British Library</marc:subfield><marc:subfield code="b">HMNTS</marc:subfield><marc:subfield code="j">1344.b.5.</marc:subfield></marc:datafield></marc:record>